2554 3978
510 231 524 291 e
544 231 657 280 es-ir.
1046 225 1087 288 79

143 391 286 468 Septem
308 395 508 469 praetores,
533 396 612 454 octo
635 392 776 452 tribuni
798 393 844 469 pl.

141 481 318 540 Preetornm
341 477 399 560 (e)
427 501 549 542 numero
576 501 652 542 nnus
680 482 777 540 defuit
798 481 918 558 Appius
938 481 1089 558 Claudius,

75 569 264 628 tribunorum
295 589 311 628 e
338 590 461 631 numero
489 569 521 640 Q.
544 571 705 632 Numerius
737 575 767 630 et
793 571 907 630 Atilius
936 569 1088 647 Serranus,

76 661 129 734 qui
150 661 337 718 restitutioni
360 658 509 720 Ciceronis
531 660 681 720 edverseti
703 678 766 720 esse
788 660 957 719 traduntur.

52 768 63 807 s
143 746 228 806 Oum
259 743 338 826 (in)
371 746 426 808 Gn.
458 749 663 826 Pompeium
699 769 762 826 pro
798 749 931 808 Milone
970 749 1185 819 dicen-540.

76 840 145 894 tem
167 839 326 912 impetus
350 838 467 898 fectus
491 841 552 896 est.

139 925 177 984 Id
199 929 319 1002 tempus
343 929 374 986 et
394 927 443 986 hie
471 926 670 1003 significatu,
698 945 756 1003 quo
779 927 885 986 Miloni
912 927 991 985 diem
1014 927 1090 986 dixit

75 1013 105 1072 P.
131 1013 267 1090 Clodius,
300 1015 380 1091 quod
407 1015 588 1093 gladiatores
616 1015 811 1090 adhibuisset,
842 1017 877 1074 ut
902 1017 1090 1093 rogationem

74 1106 176 1178 posset
199 1102 235 1163 de
260 1101 399 1164 Cicerone
421 1104 560 1180 perferre.

42 1212 63 1250 ιο
139 1192 267 1268 Nuper
288 1210 370 1252 vero
394 1211 469 1252 cum
491 1193 530 1252 M.
553 1193 742 1253 Antonius.

138 1280 208 1340 Hoc
236 1299 352 1356 quoque
379 1283 459 1340 inter
485 1283 643 1340 facultates
671 1283 898 1359 opportuniores
927 1286 1090 1357 enumeret,

76 1387 148 1444 ques
171 1389 242 1428 eum
263 1369 401 1430 hebuerit
418 1370 506 1447 Milo,
529 1369 708 1431 abstinuerit
733 1374 835 1431 temen
863 1371 952 1430 caede
974 1371 1090 1430 faciun-

76 1458 119 1515 de.
158 1458 220 1517 Sed
242 1458 278 1517 de
295 1458 336 1517 M.
349 1459 481 1518 Antonio
504 1459 586 1535 qnod
608 1462 660 1536 eit,
684 1463 714 1518 et
736 1462 769 1518 in
786 1460 944 1537 Filippicis
962 1460 1091 1519 secunde

76 1538 212 1606 cretione
226 1547 282 1606 hoe
295 1548 375 1606 idem
389 1550 572 1608 contestetur
585 1549 632 1608 his
646 1552 681 1608 nt
694 1549 801 1625 opinor
813 1548 924 1608 verbis:
944 1549 1091 1623 thdnom

44 1636 205 1695 retentores
227 1640 380 1708 putarent,
412 1639 439 1696 si
465 1641 525 1696 tum
553 1639 661 1696 cccmus
688 1642 771 1707 esset,
802 1655 868 1697 curn
895 1642 927 1696 tu
953 1637 1037 1696 dirce
1058 1639 1091 1696 ire

76 1725 136 1796 foro
169 1729 315 1798 medonte
341 1726 450 1799 populo
477 1725 611 1786 cheono
640 1725 740 1800 plodio
771 1729 916 1786 insecutos
947 1743 977 1786 es
1006 1744 1090 1802 nepo

77 1815 204 1887 timeque
231 1817 432 1889 uocemue,
459 1817 518 1874 nisi
539 1815 588 1873 oze
609 1817 642 1874 ire
663 1815 761 1874 scotos
788 1817 925 1876 tabernae
951 1817 1091 1875 Mbrcre'ae

76 1918 103 1961 sc
125 1897 352 1981 coo<ieciesct>d

397 1974 526 2048 (Desunt
547 1975 602 2035 IV
615 1975 770 2050 popinae.)

45 2113 65 2152 re
140 2142 194 2157 ...
217 2116 390 2176 progressus
413 2098 607 2174 existimetur,
630 2117 722 2174 quem
744 2102 779 2158 ut
800 2099 975 2159 hereditatis
999 2117 1089 2158 censa
1109 2107 1124 2169 ξ
1143 2108 1185 2157 46.

76 2187 105 2242 in
127 2187 234 2246 urbem
255 2189 473 2264 properaverit,
501 2188 537 2246 de
565 2206 626 2264 qne
653 2188 710 2247 sibi
734 2189 840 2247 relicta
864 2191 894 2247 et
916 2189 989 2248 olim
1012 2207 1089 2248 oom-

76 2276 202 2348 perisset
224 2278 256 2335 et
277 2276 352 2336 nihil
376 2296 411 2335 ex
434 2295 479 2350 es,
501 2278 528 2336 si
549 2279 757 2352 remoraretur,
781 2279 940 2336 emitteret.

141 2365 256 2424 Scitis
287 2366 399 2424 fuisse
432 2365 493 2441 qui
523 2367 561 2424 in
591 2364 657 2424 hec
682 2366 873 2443 rogatione
906 2367 1089 2425 suadenda
1108 2375 1124 2437 5
1143 2375 1185 2423 47.

78 2451 239 2512 dicerent
260 2453 408 2513 Milonis
435 2472 542 2512 menn
569 2455 711 2513 ceedem
734 2473 809 2514 esse
838 2457 986 2530 factem,
1008 2473 1090 2514 con-

47 2542 159 2602 resilio
184 2561 267 2601 vero
290 2543 438 2602 maioris
462 2543 625 2603 alicuius.

139 2631 306 2706 Interrupit
320 2631 514 2691 exsecutionis
529 2651 648 2691 cursum
657 2633 738 2691 fecte
791 2633 913 2709 propter
926 2649 1011 2691 suem
1024 2652 1090 2709 per-

18 2737 19 2742 *
78 2735 187 2794 sonem,
201 2720 307 2795 deque
320 2721 476 2780 infamium
490 2724 635 2796 severunt,
651 2723 739 2797 quasi
748 2723 852 2780 euctor
861 2724 892 2780 et
904 2722 1090 2781 consiliarius

141 2879 222 2941 teqq.
246 2873 346 2926 Asson.
366 2873 403 2926 ed
425 2871 606 2926 Pisonienem
629 2874 655 2941 (ξ
676 2876 720 2940 35)
741 2878 782 2941 10,
803 2878 836 2926 1⁷
868 2872 955 2926 freter
978 2871 1027 2925 ille

80 2941 126 3010 Ap.
155 2941 290 2998 Claudius
408 2943 597 3012 significetur,
631 2943 724 3016 (qui)
756 2943 812 2997 fuit
843 2945 962 3012 prester.
1013 2943 1090 2998 Duos

80 3012 203 3068 tribunos
223 3057 264 3068 ...
285 3013 346 3068 Sex.
361 3013 481 3068 Atilium
495 3014 644 3068 Serranum
662 3017 692 3068 et
710 3013 741 3079 Q.
756 3014 922 3069 Numerium
940 3014 1089 3084 significet.

143 3092 176 3139 14
186 3102 241 3154 sqq.
259 3085 332 3140 Phil.
351 3085 378 3139 Π
396 3091 421 3152 9,
436 3092 477 3139 21.

142 3227 289 3301 2<e>m0
335 3227 480 3283 defuitne*
541 3227 650 3300 s<in>
665 3227 806 3284 ceddae.
871 3227 1040 3284 MilonemO

83 3301 111 3350 lt
134 3299 255 3353 occisum
275 3300 299 3354 0
378 3305 410 3352 16
435 3301 579 3368 spectante
598 3299 673 3354 codd.
685 3301 740 3355 Cic.
759 3300 936 3368 inspectante
956 3301 1019 3355 Ome

83 3371 337 3438 negotiumqueeO
407 3374 440 3424 18
459 3386 488 3423 se
507 3377 570 3425 ante
588 3369 638 3424 ille
651 3377 764 3440 ponunt
781 3372 923 3426 codildis.
996 3377 1029 3425 22
1048 3386 1091 3424 re-

82 3442 308 3497 memorereturO
378 3446 412 3494 23
431 3441 509 3495 scitis
523 3441 631 3496 iudices
645 3443 787 3497 codddie.
845 3441 1023 3495 suadendoO

84 3515 113 3562 24
131 3512 255 3566 dicerent
272 3513 348 3567 codd.
366 3513 419 3567 Cic.
440 3511 546 3566 diceret
565 3513 629 3570 ene
702 3518 735 3566 26
762 3515 812 3567 tac.
832 3517 848 3566 5
867 3529 916 3566 cm.
931 3538 964 3557 =
984 3515 1020 3564 12
1039 3513 1090 3564 litt.

84 3605 238 3670 παρεκβάεει
261 3603 351 3670 suppl.
365 3601 407 3672 Zp
479 3605 512 3654 27
534 3585 693 3666 detruse
