2554 3978
522 205 538 266 a
557 203 670 254 ee-uo.
1057 200 1098 265 51

79 387 152 427 cum
171 367 253 428 solus
269 367 456 428 Maeandrius
475 368 514 428 ad
531 367 734 428 testimonium
753 366 909 428 dicendum
926 371 1101 446 processerit

78 457 175 516 nullis
199 457 380 517 ornamentis
398 457 447 516 vel
464 475 580 516 morum
598 458 648 516 vel
665 456 822 535 dignitatis
845 457 1015 517 instructus.
1052 458 1101 518 Ita

79 545 165 622 quod
202 545 336 604 validum
372 564 434 605 esse
471 549 574 606 eontra
613 545 753 605 Haedum
789 549 921 622 poterat,
961 563 996 605 ex
1033 565 1100 606 con·

77 635 280 711 templatione
315 633 428 712 publici
462 636 627 695 testimonii
662 651 716 711 pro
751 634 865 694 abieoto
897 635 1101 712 accipiendum

52 723 236 782 svidebitur
257 742 316 782 uno
338 724 477 800 loquente
501 726 532 783 et
554 742 598 798 eo,
621 726 674 800 qui
691 742 751 783 non
769 724 809 784 sit
828 725 929 801 aliqua
947 724 1101 785 honestate

79 811 236 872 subnixus.

151 900 264 971 Quasi
286 901 512 961 ministrator
533 901 666 961 aderat
1119 907 1194 966 553.

152 986 389 1066 Μεταφορικῶ(
411 992 518 1068 accipe.
555 990 788 1050 Ministratorem
812 984 887 1070 [his]
919 989 997 1049 enim
1020 990 1102 1065 dicit,

80 1079 138 1155 qui
169 1080 233 1138 tela
264 1078 479 1157 gladiatoribus
512 1078 658 1158 suggerit,
694 1080 733 1138 ad
765 1097 852 1155 quem
883 1080 1005 1140 modum
1036 1080 1102 1138 vult

40 1189 66 1228 ro
78 1167 221 1246 intellegi
244 1170 336 1227 etiam
358 1168 396 1227 ab
418 1169 474 1228 hoo
492 1168 713 1228 accusatoribus
732 1169 859 1228 crimina
875 1168 1101 1228 subministrari.

150 1255 267 1326 Quare
313 1257 343 1317 si
387 1257 478 1316 hunc
523 1256 656 1316 habent
699 1261 879 1317 auctorem
921 1258 1101 1316 Tralliani

79 1341 222 1406 do'loris
245 1348 307 1405 sui.

151 1481 158 1493 .
175 1480 204 1494 ..
231 1434 326 1494 Poten
349 1479 401 1494 ...

385 1541 515 1615 (Ducat
543 1539 632 1602 VIII
644 1541 798 1617 pacatae.)

43 1684 67 1724 15
151 1668 279 1725 ...tem
301 1665 340 1724 ad
363 1665 548 1726 consulatum
570 1683 664 1740 usque
686 1668 863 1742 pervenerit,
885 1666 938 1724 ille
960 1684 1030 1724 vero
1053 1666 1101 1725 de·
1121 1667 1136 1728 i
1157 1669 1198 1719 ⁷⁷·

81 1754 184 1830 posita
209 1753 368 1815 tribunicia
390 1757 539 1832 potestate
565 1753 723 1813 damnatus
746 1757 799 1829 sit3
831 1757 862 1813 et
882 1754 1102 1814 firmamentum

81 1842 177 1901 adicit
207 1843 276 1903 huic
308 1843 562 1922 argumentationi
676 1842 755 1902 hunc
787 1862 905 1920 quoque
936 1844 1102 1902 Decianum

81 1931 160 1990 nihil
197 1934 271 2008 aput
306 1935 438 1992 animum
468 1929 570 1992 Flacci
601 1932 745 1992 resedisse
777 1951 811 1990 ex
843 1933 904 1991 illis
936 1933 1101 1992 inimicitiis

82 2017 256 2097 credidisse,
302 2020 540 2098 quandoquidem
581 2039 641 2079 uon
682 2020 864 2080 dubitaverit
904 2019 957 2079 sub
999 2020 1101 2080 eodem

43 2129 68 2168 ao
81 2109 205 2169 tribuno
227 2110 365 2168 militare.

151 2197 235 2257 (ium
260 2199 404 2275 prodire
432 2200 561 2275 nollet3
587 2218 657 2259 non
684 2202 738 2258 est
760 2199 824 2257 hoc
846 2199 883 2256 in
905 2198 1101 2273 absentem,
1119 2201 1135 2261 i
1156 2200 1196 2250 78.

81 2287 143 2346 sed
166 2287 203 2344 iu
225 2288 405 2346 latentem.

235 2375 371 2435 Breviter
407 2379 437 2435 et
473 2376 608 2453 expedite
644 2395 698 2453 per
729 2373 930 2436 definitionem
963 2376 1102 2453 probavit

82 2466 160 2524 nihil
185 2465 287 2540 inique
313 2465 459 2524 iudicasse
482 2465 635 2541 Flaccum,
658 2464 777 2541 quando
805 2483 835 2524 se
863 2482 922 2523 non
950 2465 1101 2525 absentem

44 2573 68 2612 ss
83 2556 175 2614 fuisse
207 2552 312 2630 probet
343 2571 377 2613 eo
408 2557 555 2632 tempore,
587 2573 645 2630 quo
678 2555 826 2614 sententia
855 2553 936 2612 dicta
965 2555 1018 2629 sit,
1050 2555 1101 2614 sed

83 2641 202 2719 prodire
228 2641 357 2702 noluisse
384 2641 516 2702 fateatur
543 2662 573 2702 se
597 2641 632 2702 de
659 2642 840 2702 conscientia
861 2643 958 2701 molae
986 2638 1100 2702 causae.

149 2730 271 2806 Mitto,
315 2731 585 2821 quodvaliena,
629 2732 749 2807 mitto,
799 2729 890 2806 quod
935 2748 1195 2810 possessagrc,

83 2841 144 2898 per
178 2840 257 2880 vum.
429 2835 432 2842 ’

152 3012 165 3060 1
193 3006 356 3060 Meandrius
376 3007 440 3063 Orco
462 3008 496 3074 cf.
516 3006 554 3060 cd
572 3011 615 3073 60,
635 3012 668 3060 26
767 3012 784 3060 4
813 2996 924 3060 adiecto
944 3006 968 3061 0
988 3005 1099 3060 adfecto

84 3096 138 3146 mo,
157 3079 283 3148 corula
364 3083 378 3131 ⁷
404 3077 624 3132 ministraturG
693 3083 709 3131 8
733 3075 1018 3132 ululssuosoue·
1025 3076 1029 3150 Ι
1051 3078 1099 3134 lus

85 3149 163 3203 ΕΝΙΜ
181 3149 266 3204 blClT
280 3149 499 3203 ministratam
516 3147 541 3203 is
556 3149 631 3203 euim
645 3147 717 3202 dicit
733 3165 770 3214 m,
787 3163 856 3204 corr.
869 3147 908 3202 Or
925 3147 1100 3202 ministrator

84 3219 197 3274 isenim
215 3219 374 3290 dicitany
437 3225 470 3273 13
491 3221 701 3274 ..ΑΤΗ....Η
716 3221 797 3289 prior
812 3219 862 3274 aa
877 3237 924 3274 aa.
941 3221 991 3276 litt.
1012 3221 1099 3275 altera

85 3294 133 3364 3¹s,
152 3309 204 3346 aa.
218 3315 251 3336 =
271 3296 288 3346 6
305 3291 357 3346 litt.
376 3293 496 3347 continet
539 3292 643 3361 potent:
659 3291 681 3346 0
696 3293 828 3359 potenter
845 3291 887 3344 oei
903 3290 1099 3360 potentissime

85 3363 170 3432 suppl.
181 3362 215 3417 St
287 3368 319 3416 17
334 3363 386 3418 luc.
395 3365 412 3416 4
421 3379 470 3417 css.
481 3364 515 3431 *l-
525 3379 573 3417 uc.
584 3363 633 3416 lin.
643 3387 676 3408 =
686 3366 724 3417 24
735 3362 786 3418 zat.
798 3364 854 3418 ἀπὸ
868 3366 927 3416 τῶν
942 3365 1032 3430 ἔργων
1047 3367 1097 3417 τοῦ

85 3435 243 3490 amoime?
315 3438 348 3486 21
368 3433 457 3488 nolles
476 3433 552 3488 codd.
568 3434 622 3489 Oia.
641 3433 757 3488 noletO
827 3437 861 3486 23
881 3435 930 3487 lac.
946 3434 1035 3501 5÷2
1049 3449 1096 3486 aa.

86 3509 163 3560 =16
177 3506 229 3560 litt.
245 3509 334 3572 (χῆμα
348 3507 461 3572 occeano
476 3503 565 3574 suppl.
575 3505 618 3574 Zq
630 3507 716 3560 rouo(
730 3503 781 3572 ἀφ’
795 3507 927 3571 bernaco?
999 3507 1033 3555 26
1049 3501 1097 3555 sed

88 3575 615 3646 mommfflmmfflmQ

907 3659 938 3711 48
