2510 3970
156 191 220 257 160
367 141 372 156 Ι
545 191 617 246 PRO
642 191 780 246 ARCHIA

221 361 295 420 Hoc
319 361 472 438 denique
493 355 875 446 praetoreyexercent'e
898 360 1084 420 iudicium.

220 459 289 519 Non
311 461 412 533 vacat,
436 459 516 534 quod
538 461 720 518 mentionem
743 460 817 517 facit
839 460 986 534 praetoris
1009 459 1126 534 ipsiuS‚
1149 459 1179 518 id

155 551 200 607 est
218 549 320 608 fratris
340 549 387 607 sui
405 547 438 617 Q.
454 545 618 622 Ciceronis,
639 550 692 625 qui
709 548 821 608 iudicio
839 551 985 624 praeerat
1012 545 1180 625 opportu-

154 639 311 697 nissimum
338 639 450 713 quippe
478 638 522 696 ait
549 637 585 695 de
612 635 750 696 laudibus
778 639 884 713 pottae
911 636 983 712 boni
1008 639 1083 713 aput
1110 657 1180 696 eum

155 726 260 800 dicere,
275 727 327 802 qui
342 726 449 785 studiis
462 726 634 786 huiusmodi
643 726 813 785 delectetur.
837 727 910 784 Fuit
923 728 1004 784 enim
1013 726 1047 797 Q.
1056 727 1180 785 Tullius
1203 748 1211 785 s

154 833 214 875 non
233 815 329 874 solum
348 817 434 891 epici,
452 834 557 874 verum
575 817 667 874 etiam
684 816 795 894 tragici
813 816 954 874 carminis
972 815 1114 875 scribtor.

77 921 136 982 §a
222 913 349 988 Itaque
372 913 464 970 buno
486 915 522 971 et
545 912 737 972 Tarentini
764 915 799 971 et
821 913 953 991 Regini
975 915 1010 971 et
1031 913 1180 990 Neapo-

154 1001 265 1061 litani
288 1002 442 1060 civitate
466 1003 670 1078 ceterisque
692 1003 866 1078 praemiis
889 1001 1076 1062 donarunt.

220 1099 345 1158 Utiliter
379 1101 573 1175 praeparavit
610 1100 647 1158 ad
686 1118 807 1158 causam
842 1101 904 1159 iam
940 1099 1057 1175 pridem
1094 1100 1180 1160 huno

153 1187 303 1247 Archiam
328 1189 463 1264 politicae
495 1188 650 1248 facultatis
683 1190 782 1267 gratia
810 1187 955 1247 celebrem
982 1208 1000 1247 a
1031 1189 1179 1264 plurimis
1192 1210 1213 1250 ro

154 1276 260 1336 Italiae
283 1276 477 1336 nobilissimis
496 1279 615 1354 populis
634 1279 667 1335 in
685 1297 841 1336 numerum
860 1279 971 1337 civium
990 1280 1179 1354 cooptatum.

155 1365 240 1436 Quod
257 1367 400 1424 nimirum
419 1368 594 1444 argumento
613 1385 676 1426 esse
695 1365 801 1426 debeat
819 1367 911 1426 etiam
928 1366 1179 1426 Heracliensibus

154 1475 248 1532 nuper
271 1455 462 1529 adscribtum,
485 1455 684 1515 robustiorem
705 1457 768 1514 iam
785 1457 867 1514 fama
886 1458 916 1514 et
935 1456 1050 1534 ingenii
1072 1456 1180 1534 digni·

153 1547 216 1603 tate
234 1547 354 1604 maiore.
386 1545 520 1602 Fuerunt
538 1547 639 1603 autem
651 1542 738 1603 urbes
752 1546 837 1620 istae,
856 1544 892 1603 de
906 1544 1013 1621 quibus
1027 1544 1179 1620 loquitur,

155 1633 333 1709 quibusdam
357 1631 476 1692 Graecis
500 1632 636 1693 tribubus
660 1633 805 1692 conditae.
1193 1656 1213 1694 rs

221 1731 374 1800 Quorum
416 1730 509 1789 alter
549 1749 605 1790 res
642 1730 949 1790 adscribendum
984 1733 1180 1807 maximaS,

155 1819 248 1878 alter
276 1838 352 1878 cum
378 1838 434 1878 res
462 1821 597 1898 gestas,
629 1823 703 1878 tum
735 1822 844 1878 etiam
872 1820 1031 1880 studium
1063 1824 1180 1898 atque

155 1910 252 1968 auris
277 1908 446 1967 adhibere
468 1911 598 1984 posset.
872 1928 874 1931 ·

222 2005 252 2066 G.
267 2007 397 2066 Marium
419 2007 639 2085 Iugurthinum,
663 2008 715 2082 qui
738 2006 776 2066 ad
799 2007 986 2067 consulatum
1009 2007 1179 2083 septimum

153 2099 310 2172 provectus
329 2098 382 2170 est,
405 2114 465 2156 non
482 2097 654 2173 ignoramus
677 2097 710 2154 in
732 2096 884 2155 doctrinae
908 2095 1015 2155 studiis
1038 2097 1179 2156 alienum
1192 2119 1213 2157 so

154 2188 184 2243 et
221 2186 284 2245 sola
319 2186 363 2243 rei
399 2186 540 2244 militaris
578 2185 704 2244 sciontia
739 2185 886 2259 floruisse,
923 2185 1068 2254 Quintum
1101 2205 1177 2246 vero

155 2271 295 2333 Catulum
324 2291 383 2334 non
410 2273 600 2333 mediocriter
626 2274 736 2333 litteris
763 2273 938 2333 liberalibus
965 2274 1177 2334 informatum.

156 2362 213 2422 Sed
245 2363 396 2440 eleganter
426 2364 545 2438 utrique
572 2361 715 2421 Archiam
741 2363 858 2438 placere
890 2364 1022 2438 potuisse
1053 2363 1086 2420 in
1117 2364 1178 2424 bac

153 2454 239 2528 parte
262 2453 441 2512 narrationis
470 2451 613 2525 ostendit,
641 2453 712 2528 quia
739 2451 877 2527 praebuit
899 2451 1012 2510 Marius
1039 2469 1090 2510 eas
1117 2472 1176 2528 res,

222 2626 254 2675 19
264 2639 318 2690 sqq.
348 2620 413 2674 Sall.
439 2619 505 2674 bell.
531 2620 590 2691 Iug.
616 2605 663 2688 63,
682 2626 745 2690 isq.
775 2621 892 2690 (Marii)
918 2620 1038 2674 militiae
1065 2637 1176 2692 magna

154 2693 286 2760 scientia,
314 2692 423 2745 animus
450 2690 520 2746 belli
547 2692 646 2762 ingens
752 2691 902 2760 stipendiis
931 2691 1083 2758 faciundis,
1117 2711 1177 2748 non

155 2763 261 2819 Graeca
279 2763 412 2818 facundia
430 2779 521 2831 neque
539 2763 655 2817 urbanis
673 2763 822 2842 munditiis·
839 2779 899 2817 sese
918 2763 1049 2817 exercuit.

222 2939 255 2987 10
274 2933 422 2987 facilitatis
438 2933 510 2999 Ome,
524 2949 591 2988 corr.
604 2932 643 2987 Or
715 2937 749 2986 14
767 2931 903 2986 maiorem
915 2947 959 2987 mo
1000 2929 1070 2984 urbe
1084 2932 1113 2987 0

156 3011 189 3060 15
208 3005 268 3077 <a>
287 3004 456 3073 quibusdam
473 3020 516 3059 mo
571 3002 682 3058 (trecies
703 3004 726 3059 0
746 3003 880 3058 Graeciae
898 3004 940 3073 Zp
1026 3007 1059 3057 16
1078 3001 1175 3058 altera

156 3078 179 3132 0
250 3081 282 3132 17
301 3075 374 3130 alter
391 3093 455 3130 cum
473 3075 549 3130 codd.
565 3076 619 3130 Cic.
639 3073 803 3130 alterumt'
872 3079 906 3128 20
926 3089 1010 3144 apro
1027 3073 1059 3126 in
1076 3090 1123 3129 mo

155 3153 188 3200 23
214 3147 452 3213 bRCbleCGRC,
475 3163 543 3201 corr.
562 3146 694 3200 Niebuhr.
733 3148 864 3201 Maximo
887 3162 957 3214 pars
983 3161 1075 3200 corma
1101 3163 1174 3214 quae

154 3225 304 3287 sequuntur
321 3234 404 3287 usqua
426 3218 464 3272 ad
481 3221 549 3284 162,
564 3223 581 3272 6
603 3218 682 3272 bodie
703 3219 746 3272 ita
763 3219 908 3272 obscurato
930 3223 980 3283 est,
1003 3223 1036 3271 ut
1047 3217 1174 3285 plemm-

155 3305 205 3357 quc
226 3289 341 3358 resipio
363 3295 471 3343 tautum
489 3290 610 3356 perspici
624 3290 733 3357 possint
817 3294 851 3342 23
871 3293 904 3341 24
926 3287 1001 3341 hanc
1018 3289 1176 3356 partemG

156 3361 238 3412 Maio
260 3363 323 3412 ttstc
345 3360 424 3412 bodie
442 3360 515 3413 ῑοοιιι
532 3361 572 3413 sic
589 3376 618 3414 sc
638 3360 728 3414 babet:
756 3359 878 3432 ΡΟΙ....
894 3359 914 3413 6
986 3359 1170 3414 MPbR‘l'C

151 3430 247 3496 primo
265 3429 315 3481 lac.
333 3428 385 3499 27⁸
406 3446 463 3494 ora,
482 3431 569 3484 altera
586 3429 638 3500 27,
659 3447 718 3496 cru,
736 3431 817 3485 tertia
835 3449 882 3485 cp.
897 3432 947 3485 titt.
963 3431 1023 3486 lott.
1041 3431 1170 3485 continet.

156 3499 368 3552 Lamatorma
384 3515 470 3567 supra
489 3499 508 3552 6
526 3515 583 3554 riori
596 3503 764 3569 perspicitur
840 3506 873 3555 24
893 3500 985 3569 quio
1029 3501 1112 3556 Pide

158 3569 207 3621 lac.
226 3567 278 3638 11]ι
297 3585 345 3622 orn.
361 3595 394 3614 =
413 3574 430 3623 3
448 3569 499 3623 titt.
519 3571 577 3624 art.
596 3571 777 3639 praestiterat
794 3588 837 3628 mo
854 3571 986 3642 praebuit
1004 3572 1037 3628 St
