2584 3978
476 192 692 247 PRAEFATIO.
969 193 1099 249 XXXVII
1174 223 1177 228 v

79 364 215 420 servato:
250 366 296 421 est
318 360 425 421 LVIII.
471 361 554 420 Inter
575 362 633 420 hoc
654 362 761 420 folium
784 364 815 420 et
838 364 1001 422 externum
1024 381 1096 438 qua·

80 452 227 510 ternionis
251 450 305 508 LV
326 449 385 509 duo
407 451 482 509 folia
505 453 677 526 supersuut3
710 470 744 510 ex
767 449 814 510 his
836 453 966 530 paginae
988 453 1097 528 prioris

81 539 262 598 continentis
284 539 373 598 finam
396 539 601 598 commentarii
628 541 773 598 orationis
802 539 835 597 in
858 543 966 599 senatu
989 544 1020 600 et
1041 539 1097 600 ini·

80 627 159 686 tium
186 631 332 688 orationis
363 629 442 704 apud
469 629 614 705 populum
640 628 761 687 habitae
789 629 947 689 cohaerent
973 630 1031 704 ita,
1062 633 1099 689 ut

80 717 224 776 intimum
262 719 465 792 quaternionis
500 736 563 778 esse
600 716 713 776 debeat.
769 717 905 776 Alterum
943 719 1098 778 continens

81 806 301 881 praefationem
342 808 373 865 et
416 809 534 881 partem
579 806 785 865 commentarii
826 807 971 866 orationis
1010 807 1098 866 Milo-

81 895 204 968 nianae,
245 914 312 953 oum
347 913 442 970 neque
483 915 638 954 numerum
680 897 884 970 quaternionis
920 897 1098 972 inscriptum

80 983 194 1042 habeat
219 1003 315 1060 neque
342 987 442 1060 partes
474 985 665 1059 cohaereant,
698 983 861 1043 secundum
892 985 941 1044 vel
972 985 1097 1044 tertium

82 1074 289 1148 quaternionis
325 1073 392 1132 fuit.
447 1073 513 1132 Iam
548 1075 634 1148 patet
668 1073 725 1132 hoo
761 1073 867 1131 folium
903 1073 941 1134 ad
978 1078 1099 1150 quater·

81 1163 203 1221 nionem
238 1160 336 1236 LVII,
372 1161 450 1220 illud
486 1162 523 1220 ad
559 1160 630 1220 LVI
665 1161 821 1238 pertinere.
881 1163 981 1238 Atque
1017 1166 1098 1222 recte

81 1242 212 1330 Maius¹)
242 1250 298 1309 hoc
313 1251 432 1309 'folium
463 1251 624 1310 secundum
650 1251 743 1309 firisse
770 1251 898 1326 censuit,
926 1253 997 1327 qnia
1019 1254 1099 1310 inter

80 1358 151 1417 pag.
177 1339 240 1398 233
273 1343 303 1397 et
335 1340 398 1399 226
436 1358 533 1417 pauca
567 1341 687 1398 tantum
723 1339 828 1398 desint.
883 1340 978 1399 Immo
1010 1341 1098 1399 initio

80 1428 278 1504 praefationis
291 1425 672 1504 Milonianae'pauoissima
689 1429 790 1488 deesse
811 1448 846 1487 ex
869 1432 1010 1488 contextu
1032 1447 1097 1504 per·

81 1517 221 1594 spiouum
247 1517 293 1576 fit:
329 1519 432 1593 itaque
461 1517 599 1593 equidem
626 1537 686 1577 non
709 1517 827 1592 dubito,
849 1520 923 1593 quin
945 1518 977 1576 in
1000 1521 1099 1595 prima

80 1607 196 1684 pagina
232 1605 434 1682 quaternionis
461 1606 547 1664 LVII
583 1607 812 1666 commentatius
849 1608 993 1666 orationis
1030 1610 1099 1683 post

80 1693 213 1753 reditum
240 1695 279 1753 ad
305 1695 450 1771 populum
478 1695 601 1754 habitae
629 1697 780 1766 confectus
803 1695 850 1754 sit.
898 1695 1019 1755 Certum
1041 1697 1099 1772 igi·

81 1786 133 1841 tur
160 1786 205 1844 est
231 1785 383 1860 integrum
411 1786 656 1844 commentarium
683 1785 828 1844 orationis
856 1785 888 1842 in
912 1788 1019 1844 senatu
1045 1785 1097 1843 ha·

81 1871 164 1930 bitae
187 1871 242 1930 XX
263 1874 389 1950 paginas
413 1891 480 1931 cum
504 1873 618 1932 duabus
642 1874 787 1932 columnis
809 1875 998 1950 continuisse,
1021 1875 1098 1933 veri·

81 1961 271 2020 simillimum
288 1963 535 2020 commentarium
552 1962 696 2021 orationis
716 1961 796 2037 apud
814 1963 959 2039 populum
976 1961 1098 2020 habitae

81 2069 117 2108 ex
138 2049 164 2107 X
187 2051 305 2127 paginis
329 2053 360 2108 et
381 2069 442 2108 una
464 2050 603 2109 columna
625 2052 804 2123 constitisse,
827 2070 842 2110 e
866 2051 974 2126 quibus
997 2069 1099 2127 super·

80 2141 155 2196 sunt
176 2143 236 2198 tres
264 2141 392 2216 paginae
420 2141 450 2198 et
472 2158 532 2198 una
555 2141 699 2199 columna.
745 2139 928 2198 Miloniauae
952 2158 1098 2198 commen·

80 2228 188 2300 tarius,
210 2229 236 2286 si
258 2228 331 2286 haec
353 2231 435 2287 recta
459 2247 525 2288 esse
544 2229 758 2303 existimamus,
781 2231 898 2307 integer
914 2227 1023 2286 LXXX
1046 2248 1098 2303 pa·

81 2317 168 2394 giuas
196 2319 227 2374 et
253 2335 344 2375 unam
371 2317 541 2377 columnam
570 2318 722 2394 amplexus
751 2320 809 2392 est,
841 2337 857 2376 e
885 2317 992 2394 quibus
1015 2318 1099 2376 XXV

80 2407 212 2482 paginae
236 2407 267 2464 at
288 2424 349 2464 uua
371 2406 509 2464 columna
531 2409 702 2482 suppetunt.
748 2405 796 2464 Ad
819 2405 907 2465 finem
930 2407 1009 2466 anim
1032 2427 1098 2482 per·

79 2494 204 2553 ducitur
225 2493 390 2554 Miloniana
412 2495 445 2554 in
468 2515 536 2572 pag.
557 2496 630 2570 129,
653 2514 731 2570 quae
754 2513 821 2554 cum
847 2497 1096 2557 1311411139

80 2583 189 2642 folium
203 2585 366 2642 extremum
384 2585 588 2659 quaternionis
602 2583 687 2643 LXII
701 2583 801 2642 efficit.
824 2583 907 2643 Inter
921 2585 978 2643 hoc
991 2584 1098 2644 folium

80 2675 111 2730 et
124 2690 194 2748 pag.
210 2673 272 2731 211
289 2671 347 2730 duo
363 2676 482 2731 tantum
497 2673 571 2732 folia
585 2675 704 2732 servata
718 2675 800 2732 sunt:
815 2673 943 2732 alterum
956 2672 1098 2731 intimum

80 2760 295 2837 quaternionis,
318 2762 447 2822 alterum
472 2761 632 2821 seeundum
654 2762 703 2820 val
725 2757 857 2820 tertium.
894 2762 940 2819 Ex
963 2762 1097 2820 oratioue

81 2850 180 2908 elucet
201 2849 278 2907 illud
299 2850 331 2908 in
349 2851 544 2925 quaternione
562 2850 643 2924 LIX,
661 2851 731 2924 hoo,
750 2853 823 2925 quia
846 2851 884 2909 ad
903 2848 922 2925 ᾗ
940 2851 981 2909 49
1005 2852 1097 2926 porti·

80 2941 140 3012 net,
163 2956 232 3015 pag.
250 2939 312 2999 130
331 2939 370 2998 ad
384 2937 403 3014 ξ
420 2942 493 3012 101,
510 2939 543 2997 in
557 2940 752 3016 quaternione
769 2938 823 2998 LX
840 2939 1011 3015 ponendum
1025 2957 1096 2998 esse.

80 3026 222 3087 Difficilis
244 3028 291 3086 est
313 3027 458 3104 quaestio,
481 3032 581 3086 utrum
604 3027 766 3088 secundum
788 3047 827 3087 au
847 3028 972 3087 tertium
990 3028 1097 3086 folium

80 3119 134 3176 sit:
165 3134 229 3193 ego,
253 3134 321 3175 oum
342 3119 474 3192 spatium
497 3116 571 3177 VIII
593 3117 772 3195 paginarum
796 3117 833 3175 ad
856 3116 1096 3193 interpretandas

80 3203 122 3280 ἐξ
142 3205 184 3264 32
213 3204 251 3263 ad
281 3207 321 3264 36
348 3223 409 3264 non
436 3205 570 3264 sufficere
598 3206 729 3281 credam,
760 3208 885 3265 tertium
912 3207 1020 3266 folium
1042 3224 1096 3266 nos

80 3297 182 3353 tenere
208 3296 292 3369 puto.
338 3293 534 3370 Subsequitur
561 3296 789 3355 commentarius
813 3294 981 3372 Sestianae,
1011 3296 1096 3353 ouius

80 3381 213 3442 maxima
234 3401 305 3458 pars
324 3385 407 3443 extat
423 3386 457 3442 in
474 3384 678 3460 palimpsesto,
701 3403 806 3460 nempe
823 3383 950 3442 XXXVI
967 3386 1097 3462 paginae

152 3573 180 3636 1)
198 3573 280 3625 Aact.
299 3572 378 3626 etuas.
397 3571 441 3638 II,
454 3589 485 3641 p.
501 3576 545 3639 91,
564 3578 630 3626 uoto
648 3573 675 3626 2.
