2554 3978
522 245 537 306 ρ
556 243 670 292 41-41.
1057 233 1103 304 49

83 423 87 432 ’
149 407 382 466 Heraclidam
404 410 515 467 istum
538 408 661 466 Temni
683 409 808 483 postea
831 425 930 466 nemo
954 407 1056 467 vidit.

148 491 230 555 Ἀπὸ
253 495 319 556 τῶν
338 492 443 571 ἔργων
461 493 512 556 καὶ
531 490 596 555 ἀπὸ
620 496 676 570 τῆ(
698 491 834 555 uitreas(
852 494 911 555 τοῦ
930 489 1103 558 ἀντιδίκου.

82 585 303 661 Consequentia
324 587 357 644 in
380 588 588 664 argumentum
611 585 734 644 deduxit
756 586 834 658 eius,
859 586 911 661 qui
934 585 993 644 sibi
1014 586 1102 646 huius

81 674 197 733 fraudis
221 676 355 734 conscius
378 675 525 734 auxilium
547 675 636 752 fugae
658 675 788 749 petierit.

54 783 68 823 a
149 761 217 832 Qui
240 765 358 822 tamen
371 763 539 822 'credidit
564 762 597 824 P.
613 763 738 822 Fulvii
755 762 884 821 Nerati
905 762 1101 822 lectissimi
1121 769 1136 830 ς
1155 769 1202 846 so.

82 852 240 911 hominis
264 852 346 910 fide.
603 849 605 854 ’

148 941 322 1018 Eleganter,
354 960 391 999 ne
419 941 491 1016 quid
518 940 576 1000 sibi
599 940 638 998 ad
660 941 865 1000 testimonium
886 941 1030 1016 probatae
1057 943 1102 999 in·
1196 947 1198 952 '

81 1031 234 1107 tegritatis
266 1029 435 1088 adsumeret
463 1029 650 1104 Heraclides,
681 1030 839 1105 pecuniam
871 1029 1016 1089 creditam
1046 1031 1102 1104 illi,

81 1117 136 1177 sub
161 1119 260 1177 aliena
282 1121 383 1177 tamen
404 1118 463 1176 fide
486 1121 516 1177 et
537 1119 735 1194 promissione
753 1117 836 1192 dicit,
858 1121 893 1176 ut
911 1119 963 1177 ille
982 1119 1103 1195 quidem

42 1226 67 1265 ro
80 1207 160 1266 male
185 1209 272 1266 notus
295 1209 395 1281 fuerit,
419 1208 487 1267 aliis
505 1211 607 1266 tamen
625 1208 779 1283 oppositis,
797 1201 874 1285 <ut>
895 1207 953 1266 sibi
975 1209 1102 1284 pecunia

80 1295 260 1370 crederetur,
284 1297 420 1355 effecerit.

148 1384 217 1442 Hic
239 1385 358 1444 hercle
381 1380 533 1444 ‘cornici
556 1378 719 1458 oculum',
743 1387 782 1443 ut
804 1385 949 1444 dicitur.

148 1473 310 1534 Proverbio
338 1473 528 1533 celeberrimo
551 1492 621 1534 usus
645 1476 703 1548 est,
731 1475 815 1532 ciuus
843 1476 874 1532 et
900 1492 955 1550 pro
978 1473 1102 1533 Murena

80 1563 264 1620 mentionem
286 1563 367 1622 facit.
408 1561 517 1622 Oomir
540 1565 641 1622 autem
664 1564 728 1622 avis
753 1581 844 1640 genus
864 1565 918 1636 est,
941 1562 1021 1640 quod
1040 1582 1102 1623 esse

41 1671 66 1712 rs
80 1653 179 1710 fertur
206 1653 379 1710 acutissima
402 1654 516 1711 visione
544 1654 587 1726 et,
619 1652 737 1727 quando
765 1651 887 1728 aliquod
914 1652 952 1710 ad
976 1651 1103 1711 cadaver

79 1739 215 1813 offendit,
253 1742 412 1817 praecipue
443 1741 585 1800 invadere
615 1742 649 1798 in
681 1741 782 1800 oculos
820 1740 938 1798 dicitur.
989 1741 1100 1800 Volens

79 1848 153 1907 orgo
186 1828 353 1906 significare
387 1829 585 1905 Hermippum
621 1827 771 1889 hominem
803 1828 1032 1888 callidissimum
1064 1830 1101 1888 ab

79 1919 137 1978 hoo
170 1917 273 1977 eodem
295 1917 456 1977 Heraclida
487 1936 550 1977 esse
577 1917 733 1994 deceptum
765 1919 810 1977 ait
836 1938 896 1977 non
924 1920 1012 1977 aliter
1039 1920 1102 1977 iam

79 2006 239 2079 accidisse,
262 2008 402 2082 quamsi
425 2008 536 2067 cornici
559 2007 658 2066 oculos
682 2006 817 2080 effodias,
841 2025 909 2065 cum
930 2008 998 2082 ipsa
1020 2009 1101 2066 vesci

39 2115 65 2155 sc
80 2095 179 2156 soleat
202 2095 316 2154 alienis.
353 2099 358 2110 ’

147 2183 313 2243 Habebat
352 2184 566 2260 discipulos,
612 2202 698 2260 quos
740 2182 891 2244 dimidio
934 2184 1101 2244 redderet

78 2273 274 2333 stultiores
298 2292 401 2348 quam
424 2275 621 2349 acceperat.

148 2409 155 2422 .
173 2407 201 2420 ..
224 2361 339 2419 inludit
356 2380 500 2437 personae
518 2363 646 2421 rhetoris
664 2363 788 2437 inperiti
806 2362 883 2421 hanc
902 2362 1100 2422 eruditionem

77 2451 297 2526 discipulorum
323 2452 415 2510 fuisse
442 2453 474 2509 in
497 2450 559 2510 eius
583 2451 685 2510 schola
708 2450 823 2524 dicens,
853 2453 943 2509 utin
965 2470 1001 2510 ea
1023 2452 1100 2510 nihil

40 2557 64 2599 ss
78 2539 165 2599 aliud
180 2538 350 2598 disceretur
371 2542 491 2615 praeter
513 2537 716 2618 ignorantiam
738 2540 915 2598 litterarum.

147 2627 346 2686 Infatuare.
1119 2632 1134 2692 ς
1153 2632 1197 2680 47.

146 2714 241 2775 Verbi
263 2718 428 2776 novitatem
451 2717 676 2777 consideremus.

149 2909 183 2956 13
200 2919 253 2972 pro
271 2902 341 2956 Mur.
356 2902 395 2956 XI
409 2909 442 2957 25
460 2903 591 2958 Inventus
610 2906 654 2958 est
667 2903 759 2958 scriba
773 2903 897 2971 quidam,
917 2900 970 2961 cn.
976 2902 1098 2970 Flavius,

79 2976 130 3044 qui
150 2974 293 3029 cornicum
312 2973 407 3028 oculos
429 2975 634 3030 confixerit

149 3139 164 3186 1
179 3134 254 3189 corbi
263 3136 354 3201 ἔργων
369 3135 468 3206 apicum
525 3152 602 3203 ργων
616 3135 666 3190 lac.
676 3151 724 3190 ων.
736 3134 910 3190 litt—verbi
919 3133 1099 3206 uilcseoc

78 3206 189 3275 ερῑῑαὺω
203 3206 242 3258 ΠΙ
259 3207 370 3260 monuit
442 3211 458 3259 5
472 3205 502 3259 P.
513 3205 589 3262 codd.
601 3207 655 3262 Cic.
671 3206 701 3260 L.
713 3207 777 3262 Ome
851 3211 865 3258 7
879 3205 999 3274 probate
1014 3207 1037 3262 O

79 3331 232 3383 cantum
259 3329 296 3385 cr
378 3334 411 3383 ιο
434 3329 662 3398 opposueras
742 3335 774 3384 12
802 3291 928 3384 elenae
952 3330 999 3384 aa
1026 3330 1098 3385 eree

80 3415 123 3455 mo
196 3399 406 3456 ocumulumO
497 3405 529 3454 21
554 3401 679 3455 habebat
706 3401 859 3470 discipulos
884 3401 949 3456 Omo
975 3401 1099 3456 habebat

80 3471 157 3524 enim
174 3471 271 3525 rhetor
288 3472 343 3526 iste
357 3470 551 3526 adulescentes
565 3473 703 3540 quosdam
716 3472 872 3542 locupletes
888 3473 964 3527 codd.
976 3473 1031 3527 cc.

81 3547 115 3595 13
134 3543 185 3597 loo.
199 3560 248 3596 aa.
263 3545 355 3612 11111-
370 3559 418 3598 aa.
434 3543 482 3598 lin.
494 3547 527 3613 -1-
548 3544 597 3615 1¹s,
618 3561 667 3598 ora.
677 3569 711 3588 =
725 3548 764 3599 22
782 3545 833 3600 1111.
854 3546 923 3612 μετὰ
941 3548 1097 3610 χλευαεμοῠ

81 3614 170 3684 simpl.
184 3614 228 3685 Ζρ
245 3617 397 3682 χαριέντως
414 3617 491 3682 παρὰ
508 3615 694 3683 προεδοκίανῖ
766 3619 800 3669 25
820 3613 892 3668 aliut
912 3615 934 3669 O

135 3711 230 3766 Scholia
242 3713 368 3754 Bobiensia
381 3713 416 3753 cd.
427 3713 590 3754 Hildebrandt.
921 3708 938 3754 4
