<?xml version="1.0" encoding="UTF-8"?>
<!DOCTYPE html PUBLIC "-//W3C//DTD XHTML 1.0 Transitional//EN"
    "http://www.w3.org/TR/xhtml1/DTD/xhtml1-transitional.dtd">
<html xmlns="http://www.w3.org/1999/xhtml" xml:lang="en" lang="en">
 <head>
  <title>
</title>
<meta http-equiv="Content-Type" content="text/html;charset=utf-8" />
  <meta name='ocr-system' content='tesseract 3.04.00' />
  <meta name='ocr-capabilities' content='ocr_page ocr_carea ocr_par ocr_line ocrx_word'/>
</head>
<body>
  <div class='ocr_page' id='page_1' title='image "./scholiaincicero02hildgoog_0191.png"; bbox 0 0 2510 3970; ppageno 0'>
   <div class='ocr_carea' id='block_1_1' title="bbox 176 214 805 281">
    <p class='ocr_par' dir='ltr' id='par_1_1' title="bbox 176 214 805 281">
     <span class='ocr_line' id='line_1_1' title="bbox 176 214 805 281; baseline -0.017 0"><span class='ocrx_word' id='word_1_1' title='bbox 176 217 239 281; x_wconf 83' lang='grc'><strong>132</strong></span> <span class='ocrx_word' id='word_1_2' title='bbox 555 215 627 270; x_wconf 85' lang='lat' dir='ltr'><strong>PRO</strong></span> <span class='ocrx_word' id='word_1_3' title='bbox 649 214 805 270; x_wconf 81' lang='lat' dir='ltr'>PLANCIO</span> 
     </span>
    </p>
   </div>
   <div class='ocr_carea' id='block_1_2' title="bbox 77 383 1208 2686">
    <p class='ocr_par' dir='ltr' id='par_1_2' title="bbox 174 383 1177 462">
     <span class='ocr_line' id='line_1_2' title="bbox 174 383 1177 462; baseline -0.005 -17"><span class='ocrx_word' id='word_1_4' title='bbox 174 405 233 445; x_wconf 93' lang='lat' dir='ltr'><strong>non</strong></span> <span class='ocrx_word' id='word_1_5' title='bbox 257 386 351 445; x_wconf 90' lang='lat' dir='ltr'><strong>otiose</strong></span> <span class='ocrx_word' id='word_1_6' title='bbox 372 384 549 445; x_wconf 86' lang='lat' dir='ltr'><strong>testificatus</strong></span> <span class='ocrx_word' id='word_1_7' title='bbox 573 387 626 459; x_wconf 88' lang='lat' dir='ltr'><strong>est,</strong></span> <span class='ocrx_word' id='word_1_8' title='bbox 650 384 700 444; x_wconf 91' lang='lat' dir='ltr'><strong>sed</strong></span> <span class='ocrx_word' id='word_1_9' title='bbox 719 402 778 460; x_wconf 88' lang='lat' dir='ltr'><strong>quo</strong></span> <span class='ocrx_word' id='word_1_10' title='bbox 796 385 894 462; x_wconf 87' lang='lat' dir='ltr'><strong>magis</strong></span> <span class='ocrx_word' id='word_1_11' title='bbox 912 383 1051 442; x_wconf 88' lang='lat' dir='ltr'><strong>Plancius</strong></span> <span class='ocrx_word' id='word_1_12' title='bbox 1070 401 1177 442; x_wconf 88' lang='lat' dir='ltr'><strong>ornere·</strong></span> 
     </span>
    </p>

    <p class='ocr_par' dir='ltr' id='par_1_3' title="bbox 174 471 1177 550">
     <span class='ocr_line' id='line_1_3' title="bbox 174 471 1177 550; baseline -0.004 -17"><span class='ocrx_word' id='word_1_13' title='bbox 174 477 236 549; x_wconf 89' lang='lat' dir='ltr'><strong>tur,</strong></span> <span class='ocrx_word' id='word_1_14' title='bbox 269 493 357 550; x_wconf 90' lang='lat' dir='ltr'><strong>quem</strong></span> <span class='ocrx_word' id='word_1_15' title='bbox 389 475 580 534; x_wconf 77' lang='lat' dir='ltr'><strong>familiariter</strong></span> <span class='ocrx_word' id='word_1_16' title='bbox 607 475 659 532; x_wconf 91' lang='lat' dir='ltr'><strong>ille</strong></span> <span class='ocrx_word' id='word_1_17' title='bbox 687 473 832 532; x_wconf 79' lang='lat' dir='ltr'><strong>dilexerit.</strong></span> <span class='ocrx_word' id='word_1_18' title='bbox 879 473 920 531; x_wconf 79' lang='lat' dir='ltr'><strong>Et</strong></span> <span class='ocrx_word' id='word_1_19' title='bbox 946 473 1090 548; x_wconf 88' lang='lat' dir='ltr'><strong>quoniam</strong></span> <span class='ocrx_word' id='word_1_20' title='bbox 1116 471 1177 530; x_wconf 84' lang='lat' dir='ltr'><strong>Tor·</strong></span> 
     </span>
    </p>

    <p class='ocr_par' dir='ltr' id='par_1_4' title="bbox 174 562 1177 640">
     <span class='ocr_line' id='line_1_4' title="bbox 174 562 1177 640; baseline -0.005 -18"><span class='ocrx_word' id='word_1_21' title='bbox 174 566 282 640; x_wconf 86' lang='lat' dir='ltr'><strong>quatus</strong></span> <span class='ocrx_word' id='word_1_22' title='bbox 309 565 389 622; x_wconf 91' lang='lat' dir='ltr'><strong>idem</strong></span> <span class='ocrx_word' id='word_1_23' title='bbox 415 581 554 639; x_wconf 86' lang='lat' dir='ltr'><strong>praesens</strong></span> <span class='ocrx_word' id='word_1_24' title='bbox 582 583 641 622; x_wconf 89' lang='lat' dir='ltr'><strong>non</strong></span> <span class='ocrx_word' id='word_1_25' title='bbox 669 565 746 637; x_wconf 90' lang='lat' dir='ltr'><strong>erat,</strong></span> <span class='ocrx_word' id='word_1_26' title='bbox 777 563 809 621; x_wconf 86' lang='lat' dir='ltr'><strong>in</strong></span> <span class='ocrx_word' id='word_1_27' title='bbox 841 563 905 621; x_wconf 88' lang='lat' dir='ltr'><strong>eius</strong></span> <span class='ocrx_word' id='word_1_28' title='bbox 932 562 1098 637; x_wconf 80' lang='lat' dir='ltr'><strong>patruelem</strong></span> <span class='ocrx_word' id='word_1_29' title='bbox 1119 579 1177 619; x_wconf 92' lang='lat' dir='ltr'><strong>con-</strong></span> 
     </span>
    </p>

    <p class='ocr_par' dir='ltr' id='par_1_5' title="bbox 139 649 1178 819">
     <span class='ocr_line' id='line_1_5' title="bbox 174 649 1178 728; baseline -0.004 -17"><span class='ocrx_word' id='word_1_30' title='bbox 174 653 326 712; x_wconf 86' lang='lat' dir='ltr'><strong>ferendam</strong></span> <span class='ocrx_word' id='word_1_31' title='bbox 352 654 472 728; x_wconf 83' lang='lat' dir='ltr'><strong>putavit</strong></span> <span class='ocrx_word' id='word_1_32' title='bbox 494 655 590 712; x_wconf 82' lang='lat' dir='ltr'><strong>ricem</strong></span> <span class='ocrx_word' id='word_1_33' title='bbox 616 653 795 726; x_wconf 89' lang='lat' dir='ltr'><strong>testimonii,</strong></span> <span class='ocrx_word' id='word_1_34' title='bbox 825 654 860 709; x_wconf 90' lang='lat' dir='ltr'><strong>ut</strong></span> <span class='ocrx_word' id='word_1_35' title='bbox 885 651 1008 726; x_wconf 87' lang='lat' dir='ltr'><strong>perinde</strong></span> <span class='ocrx_word' id='word_1_36' title='bbox 1031 649 1178 709; x_wconf 86' lang='lat' dir='ltr'><strong>haberetm</strong></span> 
     </span>
     <span class='ocr_line' id='line_1_6' title="bbox 139 741 1063 819; baseline -0.003 -19"><span class='ocrx_word' id='word_1_37' title='bbox 139 763 143 772; x_wconf 92' lang='lat'><em>·</em></span> <span class='ocrx_word' id='word_1_38' title='bbox 174 745 264 819; x_wconf 88' lang='lat' dir='ltr'><strong>atque</strong></span> <span class='ocrx_word' id='word_1_39' title='bbox 287 744 315 800; x_wconf 90' lang='lat' dir='ltr'><strong>si</strong></span> <span class='ocrx_word' id='word_1_40' title='bbox 336 741 452 800; x_wconf 89' lang='lat' dir='ltr'><strong>adesset</strong></span> <span class='ocrx_word' id='word_1_41' title='bbox 473 743 509 816; x_wconf 84' lang='lat' dir='ltr'><strong>is,</strong></span> <span class='ocrx_word' id='word_1_42' title='bbox 533 742 617 800; x_wconf 88' lang='lat' dir='ltr'><strong>euius</strong></span> <span class='ocrx_word' id='word_1_43' title='bbox 639 741 770 802; x_wconf 88' lang='lat' dir='ltr'><strong>validior</strong></span> <span class='ocrx_word' id='word_1_44' title='bbox 792 743 870 800; x_wconf 87' lang='lat' dir='ltr'><strong>esset</strong></span> <span class='ocrx_word' id='word_1_45' title='bbox 892 741 1063 798; x_wconf 88' lang='lat' dir='ltr'><strong>auctoritas.</strong></span> 
     </span>
    </p>

    <p class='ocr_par' dir='ltr' id='par_1_6' title="bbox 174 827 1184 997">
     <span class='ocr_line' id='line_1_7' title="bbox 240 827 1184 906; baseline -0.004 -18"><span class='ocrx_word' id='word_1_46' title='bbox 240 831 324 888; x_wconf 81' lang='lat' dir='ltr'><strong>Fuit</strong></span> <span class='ocrx_word' id='word_1_47' title='bbox 346 833 383 888; x_wconf 93' lang='lat' dir='ltr'><strong>in</strong></span> <span class='ocrx_word' id='word_1_48' title='bbox 407 829 512 889; x_wconf 83' lang='lat' dir='ltr'><strong>Grata</strong></span> <span class='ocrx_word' id='word_1_49' title='bbox 534 833 661 906; x_wconf 88' lang='lat' dir='ltr'><strong>postea</strong></span> <span class='ocrx_word' id='word_1_50' title='bbox 688 829 961 889; x_wconf 77' lang='lat' dir='ltr'><strong>contubernalis</strong></span> <span class='ocrx_word' id='word_1_51' title='bbox 986 827 1184 898; x_wconf 85' lang='lat' dir='ltr'><strong>Saturnini,-</strong></span> 
     </span>
     <span class='ocr_line' id='line_1_8' title="bbox 174 918 943 997; baseline -0.003 -19"><span class='ocrx_word' id='word_1_52' title='bbox 174 921 373 997; x_wconf 87' lang='lat' dir='ltr'><strong>propinqui</strong></span> <span class='ocrx_word' id='word_1_53' title='bbox 395 921 463 994; x_wconf 82' lang='lat' dir='ltr'><strong>sui,</strong></span> <span class='ocrx_word' id='word_1_54' title='bbox 487 920 590 978; x_wconf 88' lang='lat' dir='ltr'><strong>miles</strong></span> <span class='ocrx_word' id='word_1_55' title='bbox 613 920 719 978; x_wconf 84' lang='lat' dir='ltr'><strong>huius</strong></span> <span class='ocrx_word' id='word_1_56' title='bbox 743 918 776 988; x_wconf 85' lang='lat' dir='ltr'><strong>Q.</strong></span> <span class='ocrx_word' id='word_1_57' title='bbox 794 919 943 977; x_wconf 87' lang='lat' dir='ltr'><strong>Metelli.</strong></span> 
     </span>
    </p>

    <p class='ocr_par' dir='ltr' id='par_1_7' title="bbox 174 1008 1208 1532">
     <span class='ocr_line' id='line_1_9' title="bbox 241 1008 1179 1084; baseline -0.004 -16"><span class='ocrx_word' id='word_1_58' title='bbox 241 1008 412 1068; x_wconf 82' lang='lat' dir='ltr'><strong>Gratiosum</strong></span> <span class='ocrx_word' id='word_1_59' title='bbox 442 1009 534 1067; x_wconf 86' lang='lat' dir='ltr'><strong>fuisse</strong></span> <span class='ocrx_word' id='word_1_60' title='bbox 560 1008 657 1067; x_wconf 81' lang='lat' dir='ltr'><strong>videri</strong></span> <span class='ocrx_word' id='word_1_61' title='bbox 688 1010 820 1084; x_wconf 89' lang='lat' dir='ltr'><strong>poterat,</strong></span> <span class='ocrx_word' id='word_1_62' title='bbox 852 1009 879 1067; x_wconf 84' lang='lat' dir='ltr'><strong>si</strong></span> <span class='ocrx_word' id='word_1_63' title='bbox 907 1008 1095 1067; x_wconf 77' lang='lat' dir='ltr'><strong>adseveraret</strong></span> <span class='ocrx_word' id='word_1_64' title='bbox 1121 1026 1179 1064; x_wconf 91' lang='lat' dir='ltr'><strong>eum</strong></span> 
     </span>
     <span class='ocr_line' id='line_1_10' title="bbox 174 1096 1178 1174; baseline -0.002 -19"><span class='ocrx_word' id='word_1_65' title='bbox 174 1097 349 1172; x_wconf 84' lang='lat' dir='ltr'><strong>Satnmino,</strong></span> <span class='ocrx_word' id='word_1_66' title='bbox 372 1099 540 1174; x_wconf 85' lang='lat' dir='ltr'><strong>propinquo</strong></span> <span class='ocrx_word' id='word_1_67' title='bbox 568 1115 631 1171; x_wconf 84' lang='lat' dir='ltr'><strong>suo,</strong></span> <span class='ocrx_word' id='word_1_68' title='bbox 659 1097 821 1172; x_wconf 81' lang='lat' dir='ltr'><strong>placuisse:</strong></span> <span class='ocrx_word' id='word_1_69' title='bbox 852 1097 961 1156; x_wconf 86' lang='lat' dir='ltr'><strong>maluit</strong></span> <span class='ocrx_word' id='word_1_70' title='bbox 984 1096 1023 1155; x_wconf 92' lang='lat' dir='ltr'><strong>ad</strong></span> <span class='ocrx_word' id='word_1_71' title='bbox 1045 1097 1178 1154; x_wconf 87' lang='lat' dir='ltr'><strong>indicium</strong></span> 
     </span>
     <span class='ocr_line' id='line_1_11' title="bbox 174 1184 1208 1264; baseline -0.005 -20"><span class='ocrx_word' id='word_1_72' title='bbox 174 1184 207 1254; x_wconf 83' lang='lat' dir='ltr'><strong>Q.</strong></span> <span class='ocrx_word' id='word_1_73' title='bbox 227 1186 340 1245; x_wconf 88' lang='lat' dir='ltr'><strong>Metelli</strong></span> <span class='ocrx_word' id='word_1_74' title='bbox 372 1188 542 1264; x_wconf 79' lang='lat' dir='ltr'><strong>confugere,</strong></span> <span class='ocrx_word' id='word_1_75' title='bbox 574 1189 609 1244; x_wconf 90' lang='lat' dir='ltr'><strong>ut</strong></span> <span class='ocrx_word' id='word_1_76' title='bbox 639 1205 709 1246; x_wconf 88' lang='lat' dir='ltr'><strong>vere</strong></span> <span class='ocrx_word' id='word_1_77' title='bbox 740 1187 867 1264; x_wconf 81' lang='lat' dir='ltr'><strong>cognitis</strong></span> <span class='ocrx_word' id='word_1_78' title='bbox 895 1185 1058 1245; x_wconf 87' lang='lat' dir='ltr'><strong>virtutibus</strong></span> <span class='ocrx_word' id='word_1_79' title='bbox 1086 1185 1178 1243; x_wconf 89' lang='lat' dir='ltr'><strong>Planci</strong></span> <span class='ocrx_word' id='word_1_80' title='bbox 1189 1201 1208 1239; x_wconf 87' lang='lat' dir='ltr'><strong>u</strong></span> 
     </span>
     <span class='ocr_line' id='line_1_12' title="bbox 174 1275 1176 1352; baseline 0.001 -20"><span class='ocrx_word' id='word_1_81' title='bbox 174 1276 390 1334; x_wconf 86' lang='lat' dir='ltr'><strong>existimaverit</strong></span> <span class='ocrx_word' id='word_1_82' title='bbox 435 1275 653 1335; x_wconf 83' lang='lat' dir='ltr'><strong>adulescentem</strong></span> <span class='ocrx_word' id='word_1_83' title='bbox 692 1294 746 1352; x_wconf 90' lang='lat' dir='ltr'><strong>per</strong></span> <span class='ocrx_word' id='word_1_84' title='bbox 787 1277 887 1335; x_wconf 89' lang='lat' dir='ltr'><strong>omnia</strong></span> <span class='ocrx_word' id='word_1_85' title='bbox 928 1276 1176 1352; x_wconf 76' lang='lat' dir='ltr'><strong>spectatissimum</strong></span> 
     </span>
     <span class='ocr_line' id='line_1_13' title="bbox 175 1363 1176 1443; baseline -0.001 -21"><span class='ocrx_word' id='word_1_86' title='bbox 175 1363 331 1442; x_wconf 83' lang='lat' dir='ltr'><strong>Significat</strong></span> <span class='ocrx_word' id='word_1_87' title='bbox 358 1367 458 1423; x_wconf 89' lang='lat' dir='ltr'><strong>autem</strong></span> <span class='ocrx_word' id='word_1_88' title='bbox 482 1363 514 1433; x_wconf 85' lang='lat' dir='ltr'><strong>Q.</strong></span> <span class='ocrx_word' id='word_1_89' title='bbox 533 1365 700 1439; x_wconf 83' lang='lat' dir='ltr'><strong>Metellum,</strong></span> <span class='ocrx_word' id='word_1_90' title='bbox 723 1366 777 1440; x_wconf 87' lang='lat' dir='ltr'><strong>qui</strong></span> <span class='ocrx_word' id='word_1_91' title='bbox 800 1363 933 1424; x_wconf 79' lang='lat' dir='ltr'><strong>Creticus</strong></span> <span class='ocrx_word' id='word_1_92' title='bbox 961 1365 1176 1443; x_wconf 77' lang='lat' dir='ltr'><strong>cognominatis</strong></span> 
     </span>
     <span class='ocr_line' id='line_1_14' title="bbox 174 1451 1125 1532; baseline -0.001 -22"><span class='ocrx_word' id='word_1_93' title='bbox 174 1455 219 1512; x_wconf 89' lang='lat' dir='ltr'><strong>est</strong></span> <span class='ocrx_word' id='word_1_94' title='bbox 236 1452 315 1511; x_wconf 91' lang='lat' dir='ltr'><strong>bello</strong></span> <span class='ocrx_word' id='word_1_95' title='bbox 334 1455 408 1528; x_wconf 88' lang='lat' dir='ltr'><strong>aput</strong></span> <span class='ocrx_word' id='word_1_96' title='bbox 428 1451 546 1512; x_wconf 76' lang='lat' dir='ltr'><strong>Cretam</strong></span> <span class='ocrx_word' id='word_1_97' title='bbox 564 1455 692 1513; x_wconf 89' lang='lat' dir='ltr'><strong>feliciter</strong></span> <span class='ocrx_word' id='word_1_98' title='bbox 710 1455 801 1532; x_wconf 86' lang='lat' dir='ltr'><strong>gesto.</strong></span> <span class='ocrx_word' id='word_1_99' title='bbox 839 1452 949 1512; x_wconf 90' lang='lat' dir='ltr'><strong>Omnia</strong></span> <span class='ocrx_word' id='word_1_100' title='bbox 965 1454 1039 1513; x_wconf 89' lang='lat' dir='ltr'><strong>haec</strong></span> <span class='ocrx_word' id='word_1_101' title='bbox 1057 1455 1125 1513; x_wconf 90' lang='lat' dir='ltr'><strong>sunt</strong></span> 
     </span>
    </p>

    <p class='ocr_par' dir='ltr' id='par_1_8' title="bbox 77 1542 1205 1868">
     <span class='ocr_line' id='line_1_15' title="bbox 77 1542 1174 1618; baseline 0.005 -25"><span class='ocrx_word' id='word_1_102' title='bbox 77 1546 154 1606; x_wconf 71' lang='lat'>528.</span> <span class='ocrx_word' id='word_1_103' title='bbox 242 1543 295 1600; x_wconf 82' lang='lat' dir='ltr'><strong>Tr.</strong></span> <span class='ocrx_word' id='word_1_104' title='bbox 319 1542 363 1618; x_wconf 88' lang='lat' dir='ltr'><strong>pl.</strong></span> <span class='ocrx_word' id='word_1_105' title='bbox 387 1543 459 1600; x_wconf 88' lang='lat' dir='ltr'><strong>fuit</strong></span> <span class='ocrx_word' id='word_1_106' title='bbox 485 1561 555 1600; x_wconf 92' lang='lat' dir='ltr'><strong>non</strong></span> <span class='ocrx_word' id='word_1_107' title='bbox 582 1543 738 1602; x_wconf 83' lang='lat' dir='ltr'><strong>fortasse</strong></span> <span class='ocrx_word' id='word_1_108' title='bbox 765 1546 838 1601; x_wconf 88' lang='lat' dir='ltr'><strong>tam</strong></span> <span class='ocrx_word' id='word_1_109' title='bbox 864 1543 1052 1603; x_wconf 86' lang='lat' dir='ltr'><strong>vehemens</strong></span> <span class='ocrx_word' id='word_1_110' title='bbox 1085 1560 1174 1618; x_wconf 90' lang='lat' dir='ltr'><strong>quan</strong></span> 
     </span>
     <span class='ocr_line' id='line_1_16' title="bbox 173 1630 1205 1706; baseline -0.006 -18"><span class='ocrx_word' id='word_1_111' title='bbox 173 1632 253 1705; x_wconf 87' lang='lat' dir='ltr'><strong>isti,</strong></span> <span class='ocrx_word' id='word_1_112' title='bbox 280 1649 367 1706; x_wconf 90' lang='lat' dir='ltr'><strong>quos</strong></span> <span class='ocrx_word' id='word_1_113' title='bbox 395 1633 434 1688; x_wconf 89' lang='lat' dir='ltr'><strong>tu</strong></span> <span class='ocrx_word' id='word_1_114' title='bbox 461 1631 704 1706; x_wconf 69' lang='lat' dir='ltr'><strong>molendae,</strong></span> <span class='ocrx_word' id='word_1_115' title='bbox 732 1632 793 1691; x_wconf 90' lang='lat' dir='ltr'><strong>sed</strong></span> <span class='ocrx_word' id='word_1_116' title='bbox 815 1633 912 1690; x_wconf 91' lang='lat' dir='ltr'><strong>certe</strong></span> <span class='ocrx_word' id='word_1_117' title='bbox 935 1632 1038 1704; x_wconf 90' lang='lat' dir='ltr'><strong>talis,</strong></span> <span class='ocrx_word' id='word_1_118' title='bbox 1064 1630 1205 1706; x_wconf 75' lang='lat' dir='ltr'><strong>qualcss</strong></span> 
     </span>
     <span class='ocr_line' id='line_1_17' title="bbox 174 1720 1173 1796; baseline -0.004 -18"><span class='ocrx_word' id='word_1_119' title='bbox 174 1721 205 1778; x_wconf 85' lang='lat' dir='ltr'><strong>si</strong></span> <span class='ocrx_word' id='word_1_120' title='bbox 232 1737 350 1778; x_wconf 92' lang='lat' dir='ltr'><strong>omnes</strong></span> <span class='ocrx_word' id='word_1_121' title='bbox 379 1737 515 1794; x_wconf 90' lang='lat' dir='ltr'><strong>semper</strong></span> <span class='ocrx_word' id='word_1_122' title='bbox 542 1721 713 1794; x_wconf 83' lang='lat' dir='ltr'><strong>fuissent,</strong></span> <span class='ocrx_word' id='word_1_123' title='bbox 741 1739 932 1796; x_wconf 88' lang='lat' dir='ltr'><strong>numquam</strong></span> <span class='ocrx_word' id='word_1_124' title='bbox 959 1720 1173 1779; x_wconf 86' lang='lat' dir='ltr'><strong>desideratus</strong></span> 
     </span>
     <span class='ocr_line' id='line_1_18' title="bbox 174 1807 677 1868; baseline 0.002 -1"><span class='ocrx_word' id='word_1_125' title='bbox 174 1807 360 1867; x_wconf 84' lang='lat' dir='ltr'><strong>vehemens</strong></span> <span class='ocrx_word' id='word_1_126' title='bbox 385 1810 479 1866; x_wconf 90' lang='lat' dir='ltr'><strong>esset</strong></span> <span class='ocrx_word' id='word_1_127' title='bbox 501 1808 677 1868; x_wconf 90' lang='lat' dir='ltr'><strong>tribunus.</strong></span> 
     </span>
    </p>

    <p class='ocr_par' dir='ltr' id='par_1_9' title="bbox 174 1896 1208 2686">
     <span class='ocr_line' id='line_1_19' title="bbox 240 1896 1173 1974; baseline -0.002 -20"><span class='ocrx_word' id='word_1_128' title='bbox 240 1896 326 1955; x_wconf 87' lang='lat' dir='ltr'><strong>Nihil</strong></span> <span class='ocrx_word' id='word_1_129' title='bbox 353 1899 454 1974; x_wconf 88' lang='lat' dir='ltr'><strong>egerat</strong></span> <span class='ocrx_word' id='word_1_130' title='bbox 480 1898 513 1955; x_wconf 92' lang='lat' dir='ltr'><strong>in</strong></span> <span class='ocrx_word' id='word_1_131' title='bbox 542 1897 698 1957; x_wconf 81' lang='lat' dir='ltr'><strong>tribunatu</strong></span> <span class='ocrx_word' id='word_1_132' title='bbox 726 1916 778 1958; x_wconf 91' lang='lat' dir='ltr'><strong>suo</strong></span> <span class='ocrx_word' id='word_1_133' title='bbox 805 1898 947 1958; x_wconf 89' lang='lat' dir='ltr'><strong>Plancius</strong></span> <span class='ocrx_word' id='word_1_134' title='bbox 975 1898 1077 1972; x_wconf 87' lang='lat' dir='ltr'><strong>aliqua</strong></span> <span class='ocrx_word' id='word_1_135' title='bbox 1102 1913 1173 1972; x_wconf 81' lang='lat' dir='ltr'><strong>prae</strong></span> 
     </span>
     <span class='ocr_line' id='line_1_20' title="bbox 174 1985 1173 2064; baseline -0.002 -20"><span class='ocrx_word' id='word_1_136' title='bbox 174 1987 268 2044; x_wconf 89' lang='lat' dir='ltr'><strong>stanti</strong></span> <span class='ocrx_word' id='word_1_137' title='bbox 290 1986 378 2044; x_wconf 88' lang='lat' dir='ltr'><strong>laude</strong></span> <span class='ocrx_word' id='word_1_138' title='bbox 401 1985 619 2063; x_wconf 88' lang='lat' dir='ltr'><strong>dignissimum,</strong></span> <span class='ocrx_word' id='word_1_139' title='bbox 642 1989 715 2064; x_wconf 86' lang='lat' dir='ltr'><strong>quin</strong></span> <span class='ocrx_word' id='word_1_140' title='bbox 733 1989 825 2047; x_wconf 91' lang='lat' dir='ltr'><strong>immo</strong></span> <span class='ocrx_word' id='word_1_141' title='bbox 848 1989 941 2047; x_wconf 88' lang='lat' dir='ltr'><strong>etiam</strong></span> <span class='ocrx_word' id='word_1_142' title='bbox 958 1985 1114 2046; x_wconf 85' lang='lat' dir='ltr'><strong>videbatur</strong></span> <span class='ocrx_word' id='word_1_143' title='bbox 1129 1985 1173 2042; x_wconf 85' lang='lat' dir='ltr'><strong>hec</strong></span> 
     </span>
     <span class='ocr_line' id='line_1_21' title="bbox 174 2075 1208 2153; baseline -0.002 -21"><span class='ocrx_word' id='word_1_144' title='bbox 174 2077 322 2150; x_wconf 88' lang='lat' dir='ltr'><strong>potestate</strong></span> <span class='ocrx_word' id='word_1_145' title='bbox 350 2076 470 2150; x_wconf 89' lang='lat' dir='ltr'><strong>segnius</strong></span> <span class='ocrx_word' id='word_1_146' title='bbox 497 2077 626 2135; x_wconf 67' lang='lat' dir='ltr'><strong>famatus</strong></span> <span class='ocrx_word' id='word_1_147' title='bbox 672 2075 819 2145; x_wconf 84' lang='lat' dir='ltr'><strong>Quoniam</strong></span> <span class='ocrx_word' id='word_1_148' title='bbox 842 2078 940 2136; x_wconf 89' lang='lat' dir='ltr'><strong>nullas</strong></span> <span class='ocrx_word' id='word_1_149' title='bbox 969 2093 1039 2153; x_wconf 87' lang='lat' dir='ltr'><strong>ergo</strong></span> <span class='ocrx_word' id='word_1_150' title='bbox 1061 2076 1173 2133; x_wconf 84' lang='lat' dir='ltr'><strong>virtutes</strong></span> <span class='ocrx_word' id='word_1_151' title='bbox 1185 2085 1208 2125; x_wconf 77' lang='lat' dir='ltr'><strong>rc</strong></span> 
     </span>
     <span class='ocr_line' id='line_1_22' title="bbox 175 2163 1174 2242; baseline 0 -22"><span class='ocrx_word' id='word_1_152' title='bbox 175 2165 424 2222; x_wconf 87' lang='lat' dir='ltr'><strong>eminentissimas</strong></span> <span class='ocrx_word' id='word_1_153' title='bbox 451 2164 570 2239; x_wconf 87' lang='lat' dir='ltr'><strong>habuit,</strong></span> <span class='ocrx_word' id='word_1_154' title='bbox 602 2183 676 2241; x_wconf 91' lang='lat' dir='ltr'><strong>quas</strong></span> <span class='ocrx_word' id='word_1_155' title='bbox 706 2166 742 2224; x_wconf 91' lang='lat' dir='ltr'><strong>de</strong></span> <span class='ocrx_word' id='word_1_156' title='bbox 771 2166 825 2226; x_wconf 89' lang='lat' dir='ltr'><strong>illo</strong></span> <span class='ocrx_word' id='word_1_157' title='bbox 847 2166 1047 2242; x_wconf 88' lang='lat' dir='ltr'><strong>praedicaret,</strong></span> <span class='ocrx_word' id='word_1_158' title='bbox 1078 2163 1174 2222; x_wconf 87' lang='lat' dir='ltr'><strong>idcirco</strong></span> 
     </span>
     <span class='ocr_line' id='line_1_23' title="bbox 175 2252 1174 2331; baseline 0.001 -21"><span class='ocrx_word' id='word_1_159' title='bbox 175 2252 290 2327; x_wconf 90' lang='lat' dir='ltr'><strong>aliquid</strong></span> <span class='ocrx_word' id='word_1_160' title='bbox 331 2254 360 2310; x_wconf 86' lang='lat' dir='ltr'><strong>ei</strong></span> <span class='ocrx_word' id='word_1_161' title='bbox 399 2252 502 2312; x_wconf 88' lang='lat' dir='ltr'><strong>volens</strong></span> <span class='ocrx_word' id='word_1_162' title='bbox 544 2254 699 2330; x_wconf 88' lang='lat' dir='ltr'><strong>adquirere</strong></span> <span class='ocrx_word' id='word_1_163' title='bbox 741 2255 779 2313; x_wconf 91' lang='lat' dir='ltr'><strong>ad</strong></span> <span class='ocrx_word' id='word_1_164' title='bbox 816 2257 1014 2331; x_wconf 89' lang='lat' dir='ltr'><strong>suspicionem</strong></span> <span class='ocrx_word' id='word_1_165' title='bbox 1051 2253 1174 2331; x_wconf 75' lang='lat' dir='ltr'><strong>ignaviae</strong></span> 
     </span>
     <span class='ocr_line' id='line_1_24' title="bbox 174 2341 1176 2419; baseline 0.003 -21"><span class='ocrx_word' id='word_1_166' title='bbox 174 2341 375 2417; x_wconf 89' lang='lat' dir='ltr'><strong>repellendam</strong></span> <span class='ocrx_word' id='word_1_167' title='bbox 396 2358 456 2400; x_wconf 77' lang='lat' dir='ltr'><strong>reon</strong></span> <span class='ocrx_word' id='word_1_168' title='bbox 479 2345 539 2401; x_wconf 81' lang='lat' dir='ltr'><strong>turn</strong></span> <span class='ocrx_word' id='word_1_169' title='bbox 556 2344 712 2412; x_wconf 76' lang='lat' dir='ltr'><strong>uehemens,</strong></span> <span class='ocrx_word' id='word_1_170' title='bbox 734 2345 843 2419; x_wconf 89' lang='lat' dir='ltr'><strong>inquit,</strong></span> <span class='ocrx_word' id='word_1_171' title='bbox 866 2343 1000 2402; x_wconf 63' lang='lat' dir='ltr'><strong>tracuus</strong></span> <span class='ocrx_word' id='word_1_172' title='bbox 1022 2344 1081 2416; x_wconf 80' lang='lat' dir='ltr'><strong>fuit</strong></span> <span class='ocrx_word' id='word_1_173' title='bbox 1101 2357 1176 2415; x_wconf 70' lang='grc' dir='ltr'>αααα</span> 
     </span>
     <span class='ocr_line' id='line_1_25' title="bbox 176 2431 1177 2504; baseline -0.001 -17"><span class='ocrx_word' id='word_1_174' title='bbox 176 2432 278 2503; x_wconf 86' lang='lat' dir='ltr'><strong>ceteri,</strong></span> <span class='ocrx_word' id='word_1_175' title='bbox 315 2432 345 2489; x_wconf 91' lang='lat' dir='ltr'><strong>et</strong></span> <span class='ocrx_word' id='word_1_176' title='bbox 376 2431 521 2490; x_wconf 82' lang='lat' dir='ltr'><strong>vivaciter</strong></span> <span class='ocrx_word' id='word_1_177' title='bbox 558 2433 716 2491; x_wconf 86' lang='lat' dir='ltr'><strong>conclusit:</strong></span> <span class='ocrx_word' id='word_1_178' title='bbox 753 2434 853 2504; x_wconf 76' lang='lat' dir='ltr'><strong>quales</strong></span> <span class='ocrx_word' id='word_1_179' title='bbox 889 2435 916 2492; x_wconf 82' lang='lat' dir='ltr'><strong>ei</strong></span> <span class='ocrx_word' id='word_1_180' title='bbox 951 2449 1049 2492; x_wconf 70' lang='lat' dir='ltr'><strong>carmes</strong></span> <span class='ocrx_word' id='word_1_181' title='bbox 1080 2445 1177 2503; x_wconf 76' lang='lat' dir='ltr'><strong>seraper</strong></span> 
     </span>
     <span class='ocr_line' id='line_1_26' title="bbox 174 2517 1208 2592; baseline 0 -16"><span class='ocrx_word' id='word_1_182' title='bbox 174 2518 310 2592; x_wconf 77' lang='lat' dir='ltr'><strong>fuissent,</strong></span> <span class='ocrx_word' id='word_1_183' title='bbox 337 2535 498 2592; x_wconf 61' lang='lat' dir='ltr'><strong>cormeum</strong></span> <span class='ocrx_word' id='word_1_184' title='bbox 527 2521 708 2580; x_wconf 66' lang='lat' dir='ltr'><strong>dwidoatcs</strong></span> <span class='ocrx_word' id='word_1_185' title='bbox 728 2522 877 2581; x_wconf 69' lang='lat' dir='ltr'><strong>caonas</strong></span> <span class='ocrx_word' id='word_1_186' title='bbox 900 2525 971 2583; x_wconf 85' lang='lat' dir='ltr'><strong>essct</strong></span> <span class='ocrx_word' id='word_1_187' title='bbox 996 2517 1208 2581; x_wconf 67' lang='lat' dir='ltr'><strong>nicomatus</strong></span> 
     </span>
     <span class='ocr_line' id='line_1_27' title="bbox 175 2608 1048 2686; baseline 0 -19"><span class='ocrx_word' id='word_1_188' title='bbox 175 2608 277 2668; x_wconf 80' lang='lat' dir='ltr'><strong>volens</strong></span> <span class='ocrx_word' id='word_1_189' title='bbox 300 2608 445 2686; x_wconf 85' lang='lat' dir='ltr'><strong>intellegi,</strong></span> <span class='ocrx_word' id='word_1_190' title='bbox 468 2629 522 2686; x_wconf 86' lang='lat' dir='ltr'><strong>per</strong></span> <span class='ocrx_word' id='word_1_191' title='bbox 544 2609 699 2670; x_wconf 85' lang='lat' dir='ltr'><strong>seditiosos</strong></span> <span class='ocrx_word' id='word_1_192' title='bbox 723 2612 753 2668; x_wconf 90' lang='lat' dir='ltr'><strong>et</strong></span> <span class='ocrx_word' id='word_1_193' title='bbox 775 2610 1048 2672; x_wconf 81' lang='lat' dir='ltr'><strong>turbulentissimos</strong></span> 
     </span>
    </p>
   </div>
   <div class='ocr_carea' id='block_1_3' title="bbox 80 2715 1179 2902">
    <p class='ocr_par' dir='ltr' id='par_1_10' title="bbox 80 2715 1179 2902">
     <span class='ocr_line' id='line_1_28' title="bbox 498 2715 871 2794; baseline 0.005 -20"><span class='ocrx_word' id='word_1_194' title='bbox 498 2715 629 2790; x_wconf 71' lang='lat' dir='ltr'><strong>(Desunt</strong></span> <span class='ocrx_word' id='word_1_195' title='bbox 649 2717 704 2776; x_wconf 89' lang='lat' dir='ltr'><strong>IV</strong></span> <span class='ocrx_word' id='word_1_196' title='bbox 717 2717 871 2794; x_wconf 68' lang='lat' dir='ltr'><strong>pogiaco.)</strong></span> 
     </span>
     <span class='ocr_line' id='line_1_29' title="bbox 80 2822 1179 2902; baseline -0.004 -18"><span class='ocrx_word' id='word_1_197' title='bbox 80 2824 157 2884; x_wconf 74' lang='lat' dir='ltr'><strong>t3l·</strong></span> <span class='ocrx_word' id='word_1_198' title='bbox 323 2822 380 2881; x_wconf 89' lang='lat' dir='ltr'><strong>hoo</strong></span> <span class='ocrx_word' id='word_1_199' title='bbox 407 2824 520 2882; x_wconf 90' lang='lat' dir='ltr'><strong>factum</strong></span> <span class='ocrx_word' id='word_1_200' title='bbox 548 2826 593 2883; x_wconf 89' lang='lat' dir='ltr'><strong>est</strong></span> <span class='ocrx_word' id='word_1_201' title='bbox 700 2843 753 2883; x_wconf 90' lang='lat' dir='ltr'><strong>nec</strong></span> <span class='ocrx_word' id='word_1_202' title='bbox 781 2825 933 2900; x_wconf 88' lang='lat' dir='ltr'><strong>videlicet,</strong></span> <span class='ocrx_word' id='word_1_203' title='bbox 965 2826 1045 2902; x_wconf 88' lang='lat' dir='ltr'><strong>quod</strong></span> <span class='ocrx_word' id='word_1_204' title='bbox 1072 2825 1179 2902; x_wconf 91' lang='lat' dir='ltr'><strong>saepius</strong></span> 
     </span>
    </p>
   </div>
   <div class='ocr_carea' id='block_1_4' title="bbox 176 2912 1211 3079">
    <p class='ocr_par' dir='ltr' id='par_1_11' title="bbox 176 2912 1211 3079">
     <span class='ocr_line' id='line_1_30' title="bbox 176 2912 1180 2990; baseline 0.002 -22"><span class='ocrx_word' id='word_1_205' title='bbox 176 2912 267 2970; x_wconf 89' lang='lat' dir='ltr'><strong>iterat</strong></span> <span class='ocrx_word' id='word_1_206' title='bbox 288 2912 375 2971; x_wconf 85' lang='lat' dir='ltr'><strong>valde</strong></span> <span class='ocrx_word' id='word_1_207' title='bbox 398 2913 513 2989; x_wconf 87' lang='lat' dir='ltr'><strong>inpiam</strong></span> <span class='ocrx_word' id='word_1_208' title='bbox 535 2912 705 2973; x_wconf 88' lang='lat' dir='ltr'><strong>Laterensis</strong></span> <span class='ocrx_word' id='word_1_209' title='bbox 732 2916 979 2990; x_wconf 87' lang='lat' dir='ltr'><strong>propositionem,</strong></span> <span class='ocrx_word' id='word_1_210' title='bbox 1012 2916 1065 2990; x_wconf 88' lang='lat' dir='ltr'><strong>qui</strong></span> <span class='ocrx_word' id='word_1_211' title='bbox 1091 2913 1180 2974; x_wconf 83' lang='lat' dir='ltr'><strong>candi·</strong></span> 
     </span>
     <span class='ocr_line' id='line_1_31' title="bbox 177 3000 1211 3079; baseline 0.003 -21"><span class='ocrx_word' id='word_1_212' title='bbox 177 3000 247 3058; x_wconf 90' lang='lat' dir='ltr'><strong>dato</strong></span> <span class='ocrx_word' id='word_1_213' title='bbox 278 3001 347 3076; x_wconf 89' lang='lat' dir='ltr'><strong>plus</strong></span> <span class='ocrx_word' id='word_1_214' title='bbox 378 3001 575 3077; x_wconf 89' lang='lat' dir='ltr'><strong>inpedimenti</strong></span> <span class='ocrx_word' id='word_1_215' title='bbox 607 3022 643 3060; x_wconf 90' lang='lat' dir='ltr'><strong>ex</strong></span> <span class='ocrx_word' id='word_1_216' title='bbox 673 3021 801 3079; x_wconf 88' lang='lat' dir='ltr'><strong>persona</strong></span> <span class='ocrx_word' id='word_1_217' title='bbox 833 3005 929 3079; x_wconf 79' lang='lat' dir='ltr'><strong>patris</strong></span> <span class='ocrx_word' id='word_1_218' title='bbox 961 3022 1023 3063; x_wconf 89' lang='lat' dir='ltr'><strong>esse</strong></span> <span class='ocrx_word' id='word_1_219' title='bbox 1055 3001 1211 3061; x_wconf 73' lang='lat' dir='ltr'><strong>debussea</strong></span> 
     </span>
    </p>
   </div>
   <div class='ocr_carea' id='block_1_5' title="bbox 177 3089 1183 3170">
    <p class='ocr_par' dir='ltr' id='par_1_12' title="bbox 177 3089 1183 3170">
     <span class='ocr_line' id='line_1_32' title="bbox 177 3089 1183 3170; baseline 0.003 -25"><span class='ocrx_word' id='word_1_220' title='bbox 177 3089 285 3146; x_wconf 85' lang='lat' dir='ltr'><strong>dixerit</strong></span> <span class='ocrx_word' id='word_1_221' title='bbox 308 3108 398 3164; x_wconf 94' lang='lat' dir='ltr'><strong>quam</strong></span> <span class='ocrx_word' id='word_1_222' title='bbox 421 3091 533 3150; x_wconf 88' lang='lat' dir='ltr'><strong>favoris</strong></span> <span class='ocrx_word' id='word_1_223' title='bbox 556 3110 610 3166; x_wconf 92' lang='lat' dir='ltr'><strong>pro</strong></span> <span class='ocrx_word' id='word_1_224' title='bbox 633 3092 777 3170; x_wconf 85' lang='lat' dir='ltr'><strong>religione</strong></span> <span class='ocrx_word' id='word_1_225' title='bbox 805 3095 938 3151; x_wconf 91' lang='lat' dir='ltr'><strong>naturae.</strong></span> <span class='ocrx_word' id='word_1_226' title='bbox 984 3090 1069 3160; x_wconf 84' lang='lat' dir='ltr'><strong>Quod</strong></span> <span class='ocrx_word' id='word_1_227' title='bbox 1092 3094 1183 3150; x_wconf 86' lang='lat' dir='ltr'><strong>autem</strong></span> 
     </span>
    </p>
   </div>
   <div class='ocr_carea' id='block_1_6' title="bbox 178 3240 1183 3670">
    <p class='ocr_par' dir='ltr' id='par_1_13' title="bbox 178 3240 1183 3670">
     <span class='ocr_line' id='line_1_33' title="bbox 245 3240 1154 3316; baseline 0.004 -24"><span class='ocrx_word' id='word_1_228' title='bbox 245 3240 399 3312; x_wconf 80' lang='lat' dir='ltr'><strong>2dixerit0</strong></span> <span class='ocrx_word' id='word_1_229' title='bbox 437 3241 535 3308; x_wconf 74' lang='grc' dir='ltr'>ὃὰδίΙ-</span> <span class='ocrx_word' id='word_1_230' title='bbox 578 3242 1154 3316; x_wconf 62' lang='lat' dir='ltr'><strong>selenen-&lt;quoniam&gt;grsti0summ</strong></span> 
     </span>
     <span class='ocr_line' id='line_1_34' title="bbox 178 3310 1183 3386; baseline 0.002 -22"><span class='ocrx_word' id='word_1_231' title='bbox 178 3317 193 3364; x_wconf 84' lang='lat'>9</span> <span class='ocrx_word' id='word_1_232' title='bbox 213 3310 315 3363; x_wconf 88' lang='lat' dir='ltr'><strong>maluit</strong></span> <span class='ocrx_word' id='word_1_233' title='bbox 328 3311 469 3385; x_wconf 78' lang='lat' dir='ltr'><strong>(itaque)</strong></span> <span class='ocrx_word' id='word_1_234' title='bbox 480 3314 602 3369; x_wconf 74' lang='lat' dir='ltr'><strong>Wcmder</strong></span> <span class='ocrx_word' id='word_1_235' title='bbox 671 3320 703 3368; x_wconf 88' lang='lat'><strong>13</strong></span> <span class='ocrx_word' id='word_1_236' title='bbox 723 3315 772 3370; x_wconf 82' lang='lat' dir='ltr'><strong>luc.</strong></span> <span class='ocrx_word' id='word_1_237' title='bbox 784 3315 833 3386; x_wconf 65' lang='lat'><strong>37,</strong></span> <span class='ocrx_word' id='word_1_238' title='bbox 845 3333 893 3372; x_wconf 82' lang='lat' dir='ltr'><strong>cm.</strong></span> <span class='ocrx_word' id='word_1_239' title='bbox 905 3316 967 3386; x_wconf 80' lang='lat' dir='ltr'><strong>-l-2</strong></span> <span class='ocrx_word' id='word_1_240' title='bbox 981 3316 1029 3368; x_wconf 75' lang='lat' dir='ltr'><strong>lia.</strong></span> <span class='ocrx_word' id='word_1_241' title='bbox 1040 3340 1074 3359; x_wconf 91' lang='lat'>=</span> <span class='ocrx_word' id='word_1_242' title='bbox 1090 3317 1126 3368; x_wconf 78' lang='lat'><strong>42</strong></span> <span class='ocrx_word' id='word_1_243' title='bbox 1139 3314 1183 3367; x_wconf 72' lang='lat' dir='ltr'><strong>lic.</strong></span> 
     </span>
     <span class='ocr_line' id='line_1_35' title="bbox 178 3383 1140 3452; baseline 0.006 -17"><span class='ocrx_word' id='word_1_244' title='bbox 178 3383 359 3448; x_wconf 84' lang='grc' dir='ltr'>ἐνθυμήματα</span> <span class='ocrx_word' id='word_1_245' title='bbox 370 3384 424 3437; x_wconf 86' lang='grc' dir='ltr'><strong>ἀπὸ</strong></span> <span class='ocrx_word' id='word_1_246' title='bbox 434 3391 485 3438; x_wconf 77' lang='grc' dir='ltr'>τοι)</span> <span class='ocrx_word' id='word_1_247' title='bbox 495 3388 645 3452; x_wconf 79' lang='grc' dir='ltr'>προεώπου</span> <span class='ocrx_word' id='word_1_248' title='bbox 660 3389 731 3441; x_wconf 87' lang='grc' dir='ltr'>κατὰ</span> <span class='ocrx_word' id='word_1_249' title='bbox 740 3389 773 3440; x_wconf 88' lang='grc' dir='ltr'><strong>τὸ</strong></span> <span class='ocrx_word' id='word_1_250' title='bbox 783 3387 928 3442; x_wconf 80' lang='grc' dir='ltr'>ἐναντίονῖ</span> <span class='ocrx_word' id='word_1_251' title='bbox 992 3391 1025 3439; x_wconf 77' lang='grc'><strong>15</strong></span> <span class='ocrx_word' id='word_1_252' title='bbox 1040 3386 1140 3441; x_wconf 66' lang='lat' dir='ltr'><strong>sedet*</strong></span> 
     </span>
     <span class='ocr_line' id='line_1_36' title="bbox 180 3455 1141 3526; baseline 0.007 -21"><span class='ocrx_word' id='word_1_253' title='bbox 180 3458 211 3505; x_wconf 80' lang='grc'><strong>17</strong></span> <span class='ocrx_word' id='word_1_254' title='bbox 231 3455 419 3510; x_wconf 79' lang='lat' dir='ltr'><strong>neaemensO</strong></span> <span class='ocrx_word' id='word_1_255' title='bbox 488 3462 521 3510; x_wconf 77' lang='lat'><strong>25</strong></span> <span class='ocrx_word' id='word_1_256' title='bbox 540 3473 601 3511; x_wconf 87' lang='lat' dir='ltr'><strong>esse</strong></span> <span class='ocrx_word' id='word_1_257' title='bbox 616 3457 738 3512; x_wconf 84' lang='lat' dir='ltr'><strong>tribunis</strong></span> <span class='ocrx_word' id='word_1_258' title='bbox 753 3458 777 3512; x_wconf 85' lang='lat'><em>0</em></span> <span class='ocrx_word' id='word_1_259' title='bbox 842 3465 875 3512; x_wconf 78' lang='lat'><strong>26</strong></span> <span class='ocrx_word' id='word_1_260' title='bbox 894 3455 1141 3526; x_wconf 72' lang='lat' dir='ltr'><strong>turbulentissilO</strong></span> 
     </span>
     <span class='ocr_line' id='line_1_37' title="bbox 179 3523 1137 3600; baseline 0.006 -25"><span class='ocrx_word' id='word_1_261' title='bbox 179 3523 575 3593; x_wconf 60' lang='lat' dir='ltr'><strong>asur.4¹4on.=11uc.</strong></span> <span class='ocrx_word' id='word_1_262' title='bbox 631 3529 1137 3600; x_wconf 68' lang='lat' dir='ltr'><strong>luc.dom.†un.liu.=25litt</strong></span> 
     </span>
     <span class='ocr_line' id='line_1_38' title="bbox 180 3594 1109 3670; baseline 0.009 -25"><span class='ocrx_word' id='word_1_263' title='bbox 180 3599 213 3646; x_wconf 76' lang='lat'><strong>29</strong></span> <span class='ocrx_word' id='word_1_264' title='bbox 233 3594 316 3648; x_wconf 86' lang='lat' dir='ltr'><strong>candi</strong></span> <span class='ocrx_word' id='word_1_265' title='bbox 337 3596 437 3651; x_wconf 82' lang='lat' dir='ltr'><strong>atosO</strong></span> <span class='ocrx_word' id='word_1_266' title='bbox 506 3601 539 3649; x_wconf 82' lang='lat'><strong>31</strong></span> <span class='ocrx_word' id='word_1_267' title='bbox 558 3615 609 3666; x_wconf 88' lang='lat' dir='ltr'><strong>pro</strong></span> <span class='ocrx_word' id='word_1_268' title='bbox 625 3600 704 3668; x_wconf 84' lang='lat' dir='ltr'><strong>regio</strong></span> <span class='ocrx_word' id='word_1_269' title='bbox 719 3601 743 3655; x_wconf 85' lang='lat'><em>0</em></span> <span class='ocrx_word' id='word_1_270' title='bbox 756 3599 905 3670; x_wconf 88' lang='lat' dir='ltr'><strong>privilegio</strong></span> <span class='ocrx_word' id='word_1_271' title='bbox 919 3617 970 3668; x_wconf 86' lang='lat' dir='ltr'><strong>mo,</strong></span> <span class='ocrx_word' id='word_1_272' title='bbox 988 3617 1057 3655; x_wconf 77' lang='lat' dir='ltr'><strong>corr.</strong></span> <span class='ocrx_word' id='word_1_273' title='bbox 1067 3601 1109 3670; x_wconf 77' lang='lat' dir='ltr'><strong>Zp</strong></span> 
     </span>
    </p>
   </div>
   <div class='ocr_carea' id='block_1_7' title="bbox 0 0 1264 3970">
    <p class='ocr_par' dir='ltr' id='par_1_14' title="bbox 0 0 1264 3970">
     <span class='ocr_line' id='line_1_39' title="bbox 0 0 1264 3970; baseline 0 0"><span class='ocrx_word' id='word_1_274' title='bbox 0 0 1264 3970; x_wconf 95' lang='lat' dir='ltr'><strong> </strong></span> 
     </span>
    </p>
   </div>
  </div>
 </body>
</html>
