2554 3978
493 208 510 270 ἓ
529 208 643 258 30-37.
1007 203 1071 269 123

113 368 264 430 Iudices
288 372 548 446 quaestionum

113 458 251 518 Eosdem
291 461 323 518 et
367 462 593 536 quaesitores
636 460 844 536 nominabant,
884 463 1071 538 praepositos

38 548 172 607 scilicet
188 550 220 607 et
236 549 311 625 ipsis
329 548 487 624 iudicibus,
505 568 632 626 quorum
650 553 748 610 certus
767 567 907 610 numerus
926 550 963 610 de
981 569 1072 611 causa

37 638 249 712 pronuntiare
272 636 406 697 debebat

23 763 24 778 ,
112 724 169 784 Ut
211 726 328 805 legati
372 746 412 786 ex
457 729 534 788 eius
576 728 716 788 ordinis
757 729 981 789 auctoritate
1021 729 1169 796 lasso.

40 816 235 893 garentur.

112 948 172 961 ...
195 903 288 964 Nullo
310 905 376 964 iure
389 904 547 964 Vatinium
570 905 645 965 dicit
666 907 699 964 in
721 906 904 985 legationem
922 924 986 966 esse
1004 924 1072 983 pro-

40 993 179 1066 fectum,
206 1010 275 1052 cum
301 994 398 1053 soleat
423 994 480 1055 hoo
502 1013 521 1053 a
544 997 650 1054 senatu
672 995 750 1072 peti,
772 997 808 1054 ut
829 995 981 1072 praesides
1004 1014 1072 1072 pro·

38 1083 221 1141 vincianam
242 1083 360 1158 possint
382 1101 456 1160 quos
474 1084 571 1143 velint
588 1085 700 1145 amicos
723 1102 792 1144 suos
815 1083 925 1144 habere
942 1085 1072 1163 legatos3

23 1170 126 1229 lhunc
163 1171 259 1248 igitur
282 1190 398 1231 summa
424 1172 602 1249 inpudentia
629 1191 689 1234 non
712 1175 924 1234 auctoritatem
950 1176 1072 1233 senatus

40 1261 231 1336 expectasse,
254 1260 307 1319 sed
329 1261 460 1337 quodam
479 1263 545 1320 iure
567 1263 687 1339 privato
706 1263 825 1322 tantam
842 1263 997 1322 licentiam
1015 1262 1073 1323 sibi

41 1348 268 1426 depoposcisse.

112 1436 167 1496 Ut
193 1456 263 1497 non
289 1440 438 1499 nuntios
466 1440 566 1517 pacis
594 1458 634 1499 ao
661 1439 765 1516 belli,
796 1458 866 1499 non
893 1442 1073 1514 oratores,

41 1545 115 1585 non
141 1529 376 1604 interpretes.

23 1631 30 1672 s
112 1615 202 1675 Haec
225 1618 256 1676 et
277 1617 395 1693 reliqua
417 1635 511 1693 usque
535 1617 574 1677 ad
595 1617 685 1677 finem
706 1619 943 1695 copiosissimam
961 1618 1074 1678 habent

123 1707 212 1764 varie
234 1704 382 1764 describto
405 1705 566 1785 legationis
590 1705 703 1782 officio,
726 1709 761 1766 ut
782 1707 840 1768 hoc
862 1707 943 1767 idem
964 1726 1073 1768 munus

44 1794 77 1851 in
101 1792 246 1853 omnibus
268 1812 472 1873 recognoscas.

113 1882 206 1942 Post
236 1882 331 1943 idem
357 1885 448 1944 feeit
475 1885 513 1943 in
540 1883 678 1944 duobus
705 1885 887 1964 prodigiis
916 1883 1072 1946 clodius.
1092 1889 1108 1951 5
1128 1888 1170 1937 36.

113 1971 156 2030 In
183 1971 353 2033 consulibus
375 1973 483 2032 Pisone
511 1975 542 2032 et
564 1972 691 2033 Gabinio
720 1975 843 2034 seilicet
968 1975 1001 2032 in
1028 1976 1073 2033 in·

24 2059 167 2120 ovidium
188 2059 221 2119 P.
240 2060 359 2122 Vatinii
386 2063 550 2136 confertur,
580 2065 668 2139 quasi
693 2063 783 2124 buius
806 2065 986 2124 temeritatis
1009 2065 1074 2140 ipse

50 2146 160 2209 Glodio
182 2149 299 2210 dederit
321 2151 497 2227 exemplum.

114 2238 304 2298 Neminem
325 2239 461 2299 tribum
484 2239 648 2319 Sergiam
672 2241 886 2318 perdidisse.

114 2327 202 2387 Haeo
220 2329 301 2387 enim
318 2328 476 2389 constabat
493 2349 529 2389 ex
548 2328 667 2388 Sabinis
685 2332 717 2389 et
733 2329 842 2390 Marsis
860 2332 892 2389 et
908 2328 1073 2409 Paelignis,

51 2435 127 2491 qnae
168 2417 343 2496 suffragium
378 2420 480 2478 tamen
516 2437 571 2496 pro
599 2418 737 2494 Vatinio,
773 2418 880 2478 tribuli
911 2437 978 2493 suo,
1014 2437 1075 2478 non

24 2517 39 2558 o
50 2505 131 2566 tulit
179 2506 221 2565 llt
246 2507 304 2566 hoc
330 2507 375 2566 ait
398 2507 514 2568 Tullius
542 2526 597 2584 pro
625 2509 802 2586 gravissimo
830 2507 941 2569 iudicio
964 2506 1074 2568 haben-

53 2592 136 2669 dum,
169 2596 206 2653 ut
234 2594 273 2653 ab
299 2596 337 2654 iis
364 2597 555 2672 potissimum
581 2597 732 2672 repulsam
758 2599 915 2671 meruerit,
948 2615 1076 2674 quorum

52 2683 226 2757 praevalere
240 2683 382 2763 suffragio
401 2684 559 2760 debuisset,
577 2687 638 2744 nisi
649 2687 728 2745 iuste
743 2684 879 2746 omnibus
893 2684 1073 2762 displiceret
1252 2745 1254 2752 ,

119 2771 206 2832 Gum
229 2791 293 2852 ego
315 2774 432 2852 legem
454 2774 495 2834 de
518 2774 657 2834 ambitu
679 2774 836 2833 tulerim.
1093 2776 1172 2838 537·
1251 2817 1254 2858 3

118 2861 186 2920 Hac
212 2862 292 2940 lage,
320 2882 397 2940 quaa
419 2863 591 2924 auctoribus
613 2862 653 2922 M.
674 2862 814 2924 Cicerone
837 2865 868 2922 et
891 2860 922 2921 (l.
940 2862 1074 2923 Antonio

25 2947 89 3007 uie
111 2950 229 3010 ambitu
251 2951 316 3010 lata
338 2953 384 3012 est
405 2953 501 3013 multo
524 2954 656 3014 severior
678 2971 769 3028 quam
790 2953 891 3011 fuerat
913 2953 983 3011 ante
1008 2950 1075 3011 (lal-

57 3041 175 3114 purnia,
202 3039 236 3098 L.
259 3041 352 3100 etiam
373 3040 499 3101 Murena
526 3059 647 3102 oausam
674 3041 799 3100 dixemt.
846 3039 958 3102 (lontra
985 3060 1075 3118 quam

61 3159 272 3170 ——

122 3227 359 3296 tquaestiorest'
396 3227 609 3284 nominarentG
670 3228 872 3297 3ipsosHalm
933 3232 948 3282 ‘1
965 3270 1065 3284 ........
1069 3229 1073 3300 Ι

60 3263 875 3371 tirsus.....uoe.s¹s,an.=1ozsu.et5¹f‚an.=euu
941 3305 974 3355 14
989 3300 1076 3355 ineer-

60 3370 201 3435 prmteso
267 3375 300 3424 lb
315 3370 549 3440 copiossimamO
614 3376 647 3424 16
663 3372 1075 3439 laoderu=1olittotincw

60 3441 239 3509 supplllolm
273 3441 406 3497 uarian
458 3447 491 3496 18
501 3442 570 3496 fecit
579 3440 656 3496 idem
665 3441 803 3498 coddoie.
860 3447 893 3497 19
904 3443 954 3497 loo.
964 3441 1016 3513 Pl,
1025 3460 1073 3497 ern.

63 3533 92 3555 ==
102 3514 136 3566 12
146 3513 197 3568 litt.
207 3513 401 3580 rcpdbeswo?
471 3519 505 3568 22
519 3513 661 3568 neminem
672 3513 736 3568 Orno
750 3529 802 3567 nac
813 3528 983 3581 quemquam
997 3511 1073 3568 codd.

65 3581 112 3638 Cic.
185 3588 219 3637 28
237 3582 421 3641 ambitumO
489 3589 524 3639 ³0
544 3584 681 3640 severiore
699 3601 727 3638 m
