<?xml version="1.0" encoding="UTF-8"?>
<!DOCTYPE html PUBLIC "-//W3C//DTD XHTML 1.0 Transitional//EN"
    "http://www.w3.org/TR/xhtml1/DTD/xhtml1-transitional.dtd">
<html xmlns="http://www.w3.org/1999/xhtml" xml:lang="en" lang="en">
 <head>
  <title>
</title>
<meta http-equiv="Content-Type" content="text/html;charset=utf-8" />
  <meta name='ocr-system' content='tesseract 3.04.00' />
  <meta name='ocr-capabilities' content='ocr_page ocr_carea ocr_par ocr_line ocrx_word'/>
</head>
<body>
  <div class='ocr_page' id='page_1' title='image "./scholiaincicero02hildgoog_0163.png"; bbox 0 0 2554 3978; ppageno 0'>
   <div class='ocr_carea' id='block_1_1' title="bbox 165 213 780 278">
    <p class='ocr_par' dir='ltr' id='par_1_1' title="bbox 165 213 780 278">
     <span class='ocr_line' id='line_1_1' title="bbox 165 213 780 278; baseline 0.002 -12"><span class='ocrx_word' id='word_1_1' title='bbox 165 213 229 278; x_wconf 85' lang='lat'><strong>104</strong></span> <span class='ocrx_word' id='word_1_2' title='bbox 561 213 633 273; x_wconf 77' lang='lat' dir='ltr'><strong>PRO</strong></span> <span class='ocrx_word' id='word_1_3' title='bbox 657 213 780 271; x_wconf 80' lang='lat' dir='ltr'>SESTIO</span> 
     </span>
    </p>
   </div>
   <div class='ocr_carea' id='block_1_2' title="bbox 54 381 1270 1970">
    <p class='ocr_par' dir='ltr' id='par_1_2' title="bbox 162 381 1183 636">
     <span class='ocr_line' id='line_1_2' title="bbox 162 381 1183 458; baseline -0.004 -13"><span class='ocrx_word' id='word_1_4' title='bbox 162 383 210 445; x_wconf 78' lang='lat' dir='ltr'><strong>rel</strong></span> <span class='ocrx_word' id='word_1_5' title='bbox 247 385 321 458; x_wconf 85' lang='lat' dir='ltr'><strong>aput</strong></span> <span class='ocrx_word' id='word_1_6' title='bbox 355 381 492 442; x_wconf 77' lang='lat' dir='ltr'><strong>Clodium</strong></span> <span class='ocrx_word' id='word_1_7' title='bbox 528 383 653 446; x_wconf 68' lang='lat' dir='ltr'><strong>statem</strong></span> <span class='ocrx_word' id='word_1_8' title='bbox 689 383 737 447; x_wconf 79' lang='lat' dir='ltr'><strong>vel</strong></span> <span class='ocrx_word' id='word_1_9' title='bbox 773 385 848 458; x_wconf 87' lang='lat' dir='ltr'><strong>aput</strong></span> <span class='ocrx_word' id='word_1_10' title='bbox 883 401 1004 446; x_wconf 85' lang='lat' dir='ltr'><strong>uxorem</strong></span> <span class='ocrx_word' id='word_1_11' title='bbox 1043 381 1183 448; x_wconf 73' lang='lat' dir='ltr'><strong>Clodiam</strong></span> 
     </span>
     <span class='ocr_line' id='line_1_3' title="bbox 162 469 777 536; baseline -0.011 0"><span class='ocrx_word' id='word_1_12' title='bbox 162 471 327 536; x_wconf 71' lang='lat' dir='ltr'><strong>videbatur.</strong></span> <span class='ocrx_word' id='word_1_13' title='bbox 772 469 777 478; x_wconf 77' lang='grc'>’</span> 
     </span>
     <span class='ocr_line' id='line_1_4' title="bbox 199 559 794 636; baseline 0 -18"><span class='ocrx_word' id='word_1_14' title='bbox 199 595 201 600; x_wconf 68' lang='lat'>,</span> <span class='ocrx_word' id='word_1_15' title='bbox 225 559 313 626; x_wconf 83' lang='lat' dir='ltr'><strong>-Gum</strong></span> <span class='ocrx_word' id='word_1_16' title='bbox 335 561 426 636; x_wconf 89' lang='lat' dir='ltr'><strong>ipsis</strong></span> <span class='ocrx_word' id='word_1_17' title='bbox 448 560 560 620; x_wconf 86' lang='lat' dir='ltr'><strong>Nonis</strong></span> <span class='ocrx_word' id='word_1_18' title='bbox 585 560 794 620; x_wconf 75' lang='lat' dir='ltr'>Sextilibus.</span> 
     </span>
    </p>

    <p class='ocr_par' dir='ltr' id='par_1_3' title="bbox 160 649 1223 1081">
     <span class='ocr_line' id='line_1_5' title="bbox 229 649 1184 728; baseline -0.003 -17"><span class='ocrx_word' id='word_1_19' title='bbox 229 650 288 711; x_wconf 77' lang='lat' dir='ltr'><strong>Eas</strong></span> <span class='ocrx_word' id='word_1_20' title='bbox 321 649 407 723; x_wconf 75' lang='lat' dir='ltr'><strong>dicit,</strong></span> <span class='ocrx_word' id='word_1_21' title='bbox 444 668 519 724; x_wconf 92' lang='lat' dir='ltr'><strong>quae</strong></span> <span class='ocrx_word' id='word_1_22' title='bbox 551 669 629 708; x_wconf 87' lang='lat' dir='ltr'><strong>nuno</strong></span> <span class='ocrx_word' id='word_1_23' title='bbox 661 649 846 728; x_wconf 73' lang='lat' dir='ltr'><strong>Augustae</strong></span> <span class='ocrx_word' id='word_1_24' title='bbox 882 651 1081 710; x_wconf 76' lang='lat' dir='ltr'><strong>nominantur.</strong></span> <span class='ocrx_word' id='word_1_25' title='bbox 1140 651 1184 710; x_wconf 79' lang='lat' dir='ltr'><strong>Et</strong></span> 
     </span>
     <span class='ocr_line' id='line_1_6' title="bbox 162 733 1223 816; baseline 0.001 -19"><span class='ocrx_word' id='word_1_26' title='bbox 162 742 327 814; x_wconf 87' lang='lat' dir='ltr'><strong>opportune</strong></span> <span class='ocrx_word' id='word_1_27' title='bbox 360 733 441 796; x_wconf 85' lang='grc' dir='ltr'><strong>κατὰ</strong></span> <span class='ocrx_word' id='word_1_28' title='bbox 470 735 529 810; x_wconf 88' lang='grc' dir='ltr'><strong>τὴν</strong></span> <span class='ocrx_word' id='word_1_29' title='bbox 557 735 718 812; x_wconf 86' lang='grc' dir='ltr'>εὐκαιρίαν</span> <span class='ocrx_word' id='word_1_30' title='bbox 750 739 829 798; x_wconf 90' lang='lat' dir='ltr'><strong>huno</strong></span> <span class='ocrx_word' id='word_1_31' title='bbox 856 739 936 798; x_wconf 85' lang='lat' dir='ltr'><strong>diem</strong></span> <span class='ocrx_word' id='word_1_32' title='bbox 966 738 1118 816; x_wconf 73' lang='lat' dir='ltr'><strong>signifieat</strong></span> <span class='ocrx_word' id='word_1_33' title='bbox 1150 743 1184 798; x_wconf 88' lang='lat' dir='ltr'><strong>et</strong></span> <span class='ocrx_word' id='word_1_34' title='bbox 1210 761 1223 798; x_wconf 81' lang='lat' dir='ltr'><strong>s</strong></span> 
     </span>
     <span class='ocr_line' id='line_1_7' title="bbox 160 827 1183 888; baseline 0 -2"><span class='ocrx_word' id='word_1_35' title='bbox 160 828 337 887; x_wconf 78' lang='lat' dir='ltr'><strong>reversionis</strong></span> <span class='ocrx_word' id='word_1_36' title='bbox 360 845 431 886; x_wconf 90' lang='lat' dir='ltr'><strong>suae</strong></span> <span class='ocrx_word' id='word_1_37' title='bbox 449 827 540 886; x_wconf 86' lang='lat' dir='ltr'><strong>fuisse</strong></span> <span class='ocrx_word' id='word_1_38' title='bbox 558 829 590 886; x_wconf 89' lang='lat' dir='ltr'><strong>in</strong></span> <span class='ocrx_word' id='word_1_39' title='bbox 609 829 757 888; x_wconf 78' lang='lat' dir='ltr'><strong>coloniam</strong></span> <span class='ocrx_word' id='word_1_40' title='bbox 775 827 979 888; x_wconf 85' lang='lat' dir='ltr'><strong>Brindisinam</strong></span> <span class='ocrx_word' id='word_1_41' title='bbox 998 831 1028 886; x_wconf 88' lang='lat' dir='ltr'><strong>et</strong></span> <span class='ocrx_word' id='word_1_42' title='bbox 1046 829 1183 888; x_wconf 83' lang='lat' dir='ltr'><strong>natalem</strong></span> 
     </span>
     <span class='ocr_line' id='line_1_8' title="bbox 160 915 1184 994; baseline 0 -20"><span class='ocrx_word' id='word_1_43' title='bbox 160 915 249 990; x_wconf 84' lang='lat' dir='ltr'><strong>filiae,</strong></span> <span class='ocrx_word' id='word_1_44' title='bbox 273 917 365 978; x_wconf 84' lang='lat' dir='ltr'><strong>etium</strong></span> <span class='ocrx_word' id='word_1_45' title='bbox 387 917 481 991; x_wconf 86' lang='lat' dir='ltr'><strong>ipsius</strong></span> <span class='ocrx_word' id='word_1_46' title='bbox 504 917 646 990; x_wconf 75' lang='lat' dir='ltr'><strong>roloniae,</strong></span> <span class='ocrx_word' id='word_1_47' title='bbox 670 918 756 992; x_wconf 80' lang='lat' dir='ltr'><strong>quast</strong></span> <span class='ocrx_word' id='word_1_48' title='bbox 779 917 908 980; x_wconf 80' lang='lat' dir='ltr'><strong>conflata</strong></span> <span class='ocrx_word' id='word_1_49' title='bbox 925 918 1059 979; x_wconf 87' lang='lat' dir='ltr'><strong>omnium</strong></span> <span class='ocrx_word' id='word_1_50' title='bbox 1076 919 1184 994; x_wconf 85' lang='lat' dir='ltr'><strong>gratu·</strong></span> 
     </span>
     <span class='ocr_line' id='line_1_9' title="bbox 160 1005 1064 1081; baseline -0.001 -17"><span class='ocrx_word' id='word_1_51' title='bbox 160 1006 273 1066; x_wconf 89' lang='lat' dir='ltr'><strong>latione</strong></span> <span class='ocrx_word' id='word_1_52' title='bbox 297 1005 461 1066; x_wconf 87' lang='lat' dir='ltr'><strong>eommunis</strong></span> <span class='ocrx_word' id='word_1_53' title='bbox 484 1005 631 1081; x_wconf 80' lang='lat' dir='ltr'><strong>quaedem</strong></span> <span class='ocrx_word' id='word_1_54' title='bbox 653 1007 792 1068; x_wconf 79' lang='lat' dir='ltr'><strong>vetorum</strong></span> <span class='ocrx_word' id='word_1_55' title='bbox 814 1007 940 1068; x_wconf 85' lang='lat' dir='ltr'><strong>sooietss</strong></span> <span class='ocrx_word' id='word_1_56' title='bbox 964 1006 1064 1066; x_wconf 74' lang='lat' dir='ltr'><strong>merit.</strong></span> 
     </span>
    </p>

    <p class='ocr_par' dir='ltr' id='par_1_4' title="bbox 54 1091 1225 1526">
     <span class='ocr_line' id='line_1_10' title="bbox 54 1091 1184 1170; baseline 0.004 -23"><span class='ocrx_word' id='word_1_57' title='bbox 54 1099 143 1161; x_wconf 63' lang='lat'>9132.</span> <span class='ocrx_word' id='word_1_58' title='bbox 230 1094 295 1154; x_wconf 80' lang='lat' dir='ltr'><strong>Est</strong></span> <span class='ocrx_word' id='word_1_59' title='bbox 331 1091 423 1158; x_wconf 86' lang='lat' dir='ltr'><strong>enim</strong></span> <span class='ocrx_word' id='word_1_60' title='bbox 459 1093 604 1154; x_wconf 86' lang='lat' dir='ltr'><strong>verbum</strong></span> <span class='ocrx_word' id='word_1_61' title='bbox 640 1096 729 1169; x_wconf 81' lang='lat' dir='ltr'><strong>eine,</strong></span> <span class='ocrx_word' id='word_1_62' title='bbox 766 1113 785 1154; x_wconf 90' lang='lat' dir='ltr'><strong>a</strong></span> <span class='ocrx_word' id='word_1_63' title='bbox 819 1114 886 1170; x_wconf 93' lang='lat' dir='ltr'><strong>quo</strong></span> <span class='ocrx_word' id='word_1_64' title='bbox 923 1113 991 1158; x_wconf 89' lang='lat' dir='ltr'><strong>uuo</strong></span> <span class='ocrx_word' id='word_1_65' title='bbox 1028 1096 1184 1154; x_wconf 82' lang='lat' dir='ltr'><strong>maxime</strong></span> 
     </span>
     <span class='ocr_line' id='line_1_11' title="bbox 161 1182 1225 1260; baseline 0.001 -17"><span class='ocrx_word' id='word_1_66' title='bbox 161 1182 193 1245; x_wconf 82' lang='lat' dir='ltr'><strong>P.</strong></span> <span class='ocrx_word' id='word_1_67' title='bbox 214 1182 353 1242; x_wconf 82' lang='lat' dir='ltr'><strong>Sestius</strong></span> <span class='ocrx_word' id='word_1_68' title='bbox 377 1202 412 1244; x_wconf 88' lang='lat' dir='ltr'><strong>se</strong></span> <span class='ocrx_word' id='word_1_69' title='bbox 435 1185 640 1260; x_wconf 86' lang='lat' dir='ltr'><strong>oppugnari</strong></span> <span class='ocrx_word' id='word_1_70' title='bbox 661 1183 770 1244; x_wconf 83' lang='lat' dir='ltr'><strong>videt.</strong></span> <span class='ocrx_word' id='word_1_71' title='bbox 1200 1205 1225 1244; x_wconf 78' lang='lat' dir='ltr'><strong>ro</strong></span> 
     </span>
     <span class='ocr_line' id='line_1_12' title="bbox 228 1271 1184 1348; baseline 0.007 -19"><span class='ocrx_word' id='word_1_72' title='bbox 228 1272 286 1330; x_wconf 86' lang='lat' dir='ltr'><strong>Hie</strong></span> <span class='ocrx_word' id='word_1_73' title='bbox 319 1274 385 1331; x_wconf 85' lang='lat' dir='ltr'><strong>erat</strong></span> <span class='ocrx_word' id='word_1_74' title='bbox 415 1271 447 1330; x_wconf 92' lang='lat' dir='ltr'><strong>P.</strong></span> <span class='ocrx_word' id='word_1_75' title='bbox 471 1271 625 1346; x_wconf 80' lang='lat' dir='ltr'><strong>Vatinius,</strong></span> <span class='ocrx_word' id='word_1_76' title='bbox 660 1274 713 1348; x_wconf 90' lang='lat' dir='ltr'><strong>qui</strong></span> <span class='ocrx_word' id='word_1_77' title='bbox 744 1273 916 1335; x_wconf 88' lang='lat' dir='ltr'><strong>testimonio</strong></span> <span class='ocrx_word' id='word_1_78' title='bbox 951 1272 1080 1338; x_wconf 79' lang='lat' dir='ltr'><strong>Sestium</strong></span> <span class='ocrx_word' id='word_1_79' title='bbox 1114 1291 1184 1347; x_wconf 77' lang='lat' dir='ltr'><strong>per·</strong></span> 
     </span>
     <span class='ocr_line' id='line_1_13' title="bbox 161 1361 1184 1437; baseline -0.004 -15"><span class='ocrx_word' id='word_1_80' title='bbox 161 1361 341 1437; x_wconf 81' lang='lat' dir='ltr'><strong>sequebatur</strong></span> <span class='ocrx_word' id='word_1_81' title='bbox 363 1362 473 1436; x_wconf 90' lang='lat' dir='ltr'><strong>quique</strong></span> <span class='ocrx_word' id='word_1_82' title='bbox 497 1361 603 1420; x_wconf 87' lang='lat' dir='ltr'><strong>solitus</strong></span> <span class='ocrx_word' id='word_1_83' title='bbox 626 1364 704 1420; x_wconf 90' lang='lat' dir='ltr'><strong>esset</strong></span> <span class='ocrx_word' id='word_1_84' title='bbox 724 1362 917 1436; x_wconf 86' lang='lat' dir='ltr'><strong>optimatium</strong></span> <span class='ocrx_word' id='word_1_85' title='bbox 939 1361 1037 1425; x_wconf 82' lang='lat' dir='ltr'><strong>dicere</strong></span> <span class='ocrx_word' id='word_1_86' title='bbox 1059 1363 1184 1420; x_wconf 81' lang='lat' dir='ltr'><strong>natio-</strong></span> 
     </span>
     <span class='ocr_line' id='line_1_14' title="bbox 161 1449 1185 1526; baseline 0.002 -18"><span class='ocrx_word' id='word_1_87' title='bbox 161 1469 239 1508; x_wconf 91' lang='lat' dir='ltr'><strong>nem</strong></span> <span class='ocrx_word' id='word_1_88' title='bbox 270 1450 378 1508; x_wconf 87' lang='lat' dir='ltr'><strong>infami</strong></span> <span class='ocrx_word' id='word_1_89' title='bbox 409 1449 538 1525; x_wconf 89' lang='lat' dir='ltr'><strong>quodam</strong></span> <span class='ocrx_word' id='word_1_90' title='bbox 570 1449 714 1510; x_wconf 81' lang='lat' dir='ltr'><strong>vocabulo</strong></span> <span class='ocrx_word' id='word_1_91' title='bbox 746 1450 899 1510; x_wconf 88' lang='lat' dir='ltr'><strong>destruens</strong></span> <span class='ocrx_word' id='word_1_92' title='bbox 927 1451 1185 1526; x_wconf 86' lang='lat' dir='ltr'><strong>amplissimorum</strong></span> 
     </span>
    </p>

    <p class='ocr_par' dir='ltr' id='par_1_5' title="bbox 161 1539 526 1616">
     <span class='ocr_line' id='line_1_15' title="bbox 161 1539 526 1616; baseline -0.011 -18"><span class='ocrx_word' id='word_1_93' title='bbox 161 1539 316 1598; x_wconf 87' lang='lat' dir='ltr'><strong>hominum</strong></span> <span class='ocrx_word' id='word_1_94' title='bbox 340 1539 526 1616; x_wconf 79' lang='lat' dir='ltr'><strong>dignitatem.</strong></span> 
     </span>
    </p>

    <p class='ocr_par' dir='ltr' id='par_1_6' title="bbox 228 1627 1223 1702">
     <span class='ocr_line' id='line_1_16' title="bbox 228 1627 1223 1702; baseline 0.002 -16"><span class='ocrx_word' id='word_1_95' title='bbox 228 1627 386 1686; x_wconf 90' lang='lat' dir='ltr'><strong>Primum</strong></span> <span class='ocrx_word' id='word_1_96' title='bbox 409 1645 471 1702; x_wconf 89' lang='lat' dir='ltr'><strong>per</strong></span> <span class='ocrx_word' id='word_1_97' title='bbox 498 1627 654 1689; x_wconf 82' lang='lat' dir='ltr'><strong>indicem</strong></span> <span class='ocrx_word' id='word_1_98' title='bbox 672 1627 839 1688; x_wconf 88' lang='lat' dir='ltr'><strong>Vettium.</strong></span> <span class='ocrx_word' id='word_1_99' title='bbox 1199 1649 1223 1688; x_wconf 68' lang='grc' dir='ltr'><strong>ιε</strong></span> 
     </span>
    </p>

    <p class='ocr_par' dir='ltr' id='par_1_7' title="bbox 160 1713 1270 1970">
     <span class='ocr_line' id='line_1_17' title="bbox 227 1713 1185 1792; baseline 0.003 -19"><span class='ocrx_word' id='word_1_100' title='bbox 227 1715 260 1776; x_wconf 87' lang='lat' dir='ltr'><strong>L.</strong></span> <span class='ocrx_word' id='word_1_101' title='bbox 284 1716 418 1790; x_wconf 85' lang='lat' dir='ltr'><strong>Vettius,</strong></span> <span class='ocrx_word' id='word_1_102' title='bbox 445 1717 533 1776; x_wconf 91' lang='lat' dir='ltr'><strong>homo</strong></span> <span class='ocrx_word' id='word_1_103' title='bbox 560 1713 780 1790; x_wconf 81' lang='lat' dir='ltr'><strong>perditissimae</strong></span> <span class='ocrx_word' id='word_1_104' title='bbox 806 1718 1001 1791; x_wconf 79' lang='lat' dir='ltr'><strong>temeritatis,</strong></span> <span class='ocrx_word' id='word_1_105' title='bbox 1028 1735 1081 1792; x_wconf 88' lang='lat' dir='ltr'><strong>per</strong></span> <span class='ocrx_word' id='word_1_106' title='bbox 1105 1717 1185 1778; x_wconf 87' lang='lat' dir='ltr'><strong>illud</strong></span> 
     </span>
     <span class='ocr_line' id='line_1_18' title="bbox 160 1804 1270 1893; baseline 0.001 -26"><span class='ocrx_word' id='word_1_107' title='bbox 160 1807 278 1879; x_wconf 83' lang='lat' dir='ltr'><strong>tempus</strong></span> <span class='ocrx_word' id='word_1_108' title='bbox 305 1805 450 1865; x_wconf 79' lang='lat' dir='ltr'><strong>indicium</strong></span> <span class='ocrx_word' id='word_1_109' title='bbox 477 1804 627 1865; x_wconf 89' lang='lat' dir='ltr'><strong>detulerat</strong></span> <span class='ocrx_word' id='word_1_110' title='bbox 653 1804 692 1865; x_wconf 84' lang='lat' dir='ltr'><strong>ad</strong></span> <span class='ocrx_word' id='word_1_111' title='bbox 719 1807 856 1871; x_wconf 85' lang='lat' dir='ltr'><strong>senatum</strong></span> <span class='ocrx_word' id='word_1_112' title='bbox 879 1805 936 1868; x_wconf 88' lang='lat' dir='ltr'><strong>sibi</strong></span> <span class='ocrx_word' id='word_1_113' title='bbox 958 1824 1012 1882; x_wconf 92' lang='lat' dir='ltr'><strong>per</strong></span> <span class='ocrx_word' id='word_1_114' title='bbox 1034 1805 1184 1880; x_wconf 84' lang='lat' dir='ltr'><strong>quosdam</strong></span> <span class='ocrx_word' id='word_1_115' title='bbox 1263 1810 1270 1893; x_wconf 60' lang='grc' dir='ltr'><strong>ᾗ</strong></span> 
     </span>
     <span class='ocr_line' id='line_1_19' title="bbox 161 1893 1185 1970; baseline 0.002 -18"><span class='ocrx_word' id='word_1_116' title='bbox 161 1895 370 1970; x_wconf 79' lang='lat' dir='ltr'><strong>praepotentes</strong></span> <span class='ocrx_word' id='word_1_117' title='bbox 394 1897 425 1956; x_wconf 87' lang='lat' dir='ltr'><strong>et</strong></span> <span class='ocrx_word' id='word_1_118' title='bbox 447 1894 561 1954; x_wconf 90' lang='lat' dir='ltr'><strong>nobiles</strong></span> <span class='ocrx_word' id='word_1_119' title='bbox 585 1894 754 1956; x_wconf 75' lang='lat' dir='ltr'><strong>consulares</strong></span> <span class='ocrx_word' id='word_1_120' title='bbox 783 1894 903 1956; x_wconf 86' lang='lat' dir='ltr'><strong>eaedem</strong></span> <span class='ocrx_word' id='word_1_121' title='bbox 930 1893 1121 1970; x_wconf 82' lang='lat' dir='ltr'><strong>mandatum,</strong></span> <span class='ocrx_word' id='word_1_122' title='bbox 1147 1897 1185 1957; x_wconf 88' lang='lat' dir='ltr'><strong>ut</strong></span> 
     </span>
    </p>
   </div>
   <div class='ocr_carea' id='block_1_3' title="bbox 160 1910 1276 2594">
    <p class='ocr_par' dir='ltr' id='par_1_8' title="bbox 160 1910 1276 2594">
     <span class='ocr_line' id='line_1_20' title="bbox 161 1910 1271 2103; baseline 0 -61"><span class='ocrx_word' id='word_1_123' title='bbox 161 1983 362 2060; x_wconf 64' lang='lat' dir='ltr'><strong>ingredientes</strong></span> <span class='ocrx_word' id='word_1_124' title='bbox 390 1984 489 2044; x_wconf 85' lang='lat' dir='ltr'><strong>forum</strong></span> <span class='ocrx_word' id='word_1_125' title='bbox 517 1982 568 2042; x_wconf 85' lang='lat' dir='ltr'><strong>On.</strong></span> <span class='ocrx_word' id='word_1_126' title='bbox 592 1982 768 2058; x_wconf 88' lang='lat' dir='ltr'><strong>Pompeium</strong></span> <span class='ocrx_word' id='word_1_127' title='bbox 795 1985 826 2042; x_wconf 93' lang='lat' dir='ltr'><strong>et</strong></span> <span class='ocrx_word' id='word_1_128' title='bbox 849 1981 879 2052; x_wconf 81' lang='lat' dir='ltr'><strong>O.</strong></span> <span class='ocrx_word' id='word_1_129' title='bbox 904 1980 1062 2046; x_wconf 78' lang='lat' dir='ltr'><strong>Gaesarem</strong></span> <span class='ocrx_word' id='word_1_130' title='bbox 1088 1985 1183 2044; x_wconf 88' lang='lat' dir='ltr'><strong>iuter-</strong></span> <span class='ocrx_word' id='word_1_131' title='bbox 1263 1910 1271 2103; x_wconf 58' lang='grc' dir='ltr'><strong>ἱ</strong></span> 
     </span>
     <span class='ocr_line' id='line_1_21' title="bbox 160 2069 1223 2148; baseline 0.003 -19"><span class='ocrx_word' id='word_1_132' title='bbox 160 2071 269 2132; x_wconf 88' lang='lat' dir='ltr'><strong>fieeret.</strong></span> <span class='ocrx_word' id='word_1_133' title='bbox 309 2069 569 2148; x_wconf 77' lang='lat' dir='ltr'><strong>Compleetebatur</strong></span> <span class='ocrx_word' id='word_1_134' title='bbox 591 2073 692 2133; x_wconf 88' lang='lat' dir='ltr'><strong>autem</strong></span> <span class='ocrx_word' id='word_1_135' title='bbox 715 2073 771 2132; x_wconf 85' lang='lat' dir='ltr'><strong>hoo</strong></span> <span class='ocrx_word' id='word_1_136' title='bbox 793 2072 904 2132; x_wconf 79' lang='lat' dir='ltr'><strong>iudicio</strong></span> <span class='ocrx_word' id='word_1_137' title='bbox 927 2072 1072 2146; x_wconf 85' lang='lat' dir='ltr'><strong>plurimos</strong></span> <span class='ocrx_word' id='word_1_138' title='bbox 1096 2091 1183 2132; x_wconf 84' lang='lat' dir='ltr'><strong>sena-</strong></span> <span class='ocrx_word' id='word_1_139' title='bbox 1198 2092 1223 2132; x_wconf 83' lang='lat' dir='ltr'><strong>re</strong></span> 
     </span>
     <span class='ocr_line' id='line_1_22' title="bbox 161 2158 1184 2237; baseline 0.001 -18"><span class='ocrx_word' id='word_1_140' title='bbox 161 2162 253 2236; x_wconf 86' lang='lat' dir='ltr'><strong>tores,</strong></span> <span class='ocrx_word' id='word_1_141' title='bbox 281 2163 313 2222; x_wconf 87' lang='lat' dir='ltr'><strong>in</strong></span> <span class='ocrx_word' id='word_1_142' title='bbox 341 2162 407 2237; x_wconf 88' lang='lat' dir='ltr'><strong>quis</strong></span> <span class='ocrx_word' id='word_1_143' title='bbox 436 2162 495 2220; x_wconf 85' lang='lat' dir='ltr'><strong>fuit</strong></span> <span class='ocrx_word' id='word_1_144' title='bbox 523 2164 553 2220; x_wconf 90' lang='lat' dir='ltr'><strong>et</strong></span> <span class='ocrx_word' id='word_1_145' title='bbox 576 2162 639 2236; x_wconf 89' lang='lat' dir='ltr'><strong>ipse</strong></span> <span class='ocrx_word' id='word_1_146' title='bbox 661 2161 701 2218; x_wconf 88' lang='lat' dir='ltr'><strong>M.</strong></span> <span class='ocrx_word' id='word_1_147' title='bbox 725 2161 842 2227; x_wconf 81' lang='lat' dir='ltr'><strong>Tullius</strong></span> <span class='ocrx_word' id='word_1_148' title='bbox 865 2163 896 2220; x_wconf 88' lang='lat' dir='ltr'><strong>et</strong></span> <span class='ocrx_word' id='word_1_149' title='bbox 919 2158 950 2220; x_wconf 82' lang='lat'><strong>0.</strong></span> <span class='ocrx_word' id='word_1_150' title='bbox 973 2160 1044 2220; x_wconf 93' lang='lat' dir='ltr'><strong>Piso</strong></span> <span class='ocrx_word' id='word_1_151' title='bbox 1068 2164 1099 2220; x_wconf 90' lang='lat' dir='ltr'><strong>et</strong></span> <span class='ocrx_word' id='word_1_152' title='bbox 1122 2161 1184 2222; x_wconf 89' lang='lat' dir='ltr'><strong>duo</strong></span> 
     </span>
     <span class='ocr_line' id='line_1_23' title="bbox 163 2248 1184 2326; baseline -0.004 -14"><span class='ocrx_word' id='word_1_153' title='bbox 163 2249 305 2312; x_wconf 80' lang='lat' dir='ltr'><strong>Curiones</strong></span> <span class='ocrx_word' id='word_1_154' title='bbox 328 2253 359 2309; x_wconf 90' lang='lat' dir='ltr'><strong>et</strong></span> <span class='ocrx_word' id='word_1_155' title='bbox 382 2251 435 2309; x_wconf 88' lang='lat' dir='ltr'><strong>alii</strong></span> <span class='ocrx_word' id='word_1_156' title='bbox 463 2269 552 2326; x_wconf 88' lang='lat' dir='ltr'><strong>quam</strong></span> <span class='ocrx_word' id='word_1_157' title='bbox 578 2250 701 2326; x_wconf 88' lang='lat' dir='ltr'><strong>plurimi</strong></span> <span class='ocrx_word' id='word_1_158' title='bbox 724 2251 880 2311; x_wconf 86' lang='lat' dir='ltr'><strong>nominati.</strong></span> <span class='ocrx_word' id='word_1_159' title='bbox 927 2248 1089 2311; x_wconf 82' lang='lat' dir='ltr'><strong>Sedenim</strong></span> <span class='ocrx_word' id='word_1_160' title='bbox 1113 2269 1184 2308; x_wconf 88' lang='lat' dir='ltr'><strong>oon-</strong></span> 
     </span>
     <span class='ocr_line' id='line_1_24' title="bbox 161 2338 1184 2414; baseline 0.001 -18"><span class='ocrx_word' id='word_1_161' title='bbox 161 2341 255 2398; x_wconf 88' lang='lat' dir='ltr'><strong>ieotus</strong></span> <span class='ocrx_word' id='word_1_162' title='bbox 283 2341 315 2398; x_wconf 91' lang='lat' dir='ltr'><strong>in</strong></span> <span class='ocrx_word' id='word_1_163' title='bbox 343 2357 489 2408; x_wconf 77' lang='lat' dir='ltr'><strong>parcerem</strong></span> <span class='ocrx_word' id='word_1_164' title='bbox 511 2338 632 2398; x_wconf 90' lang='lat' dir='ltr'><strong>Vettius</strong></span> <span class='ocrx_word' id='word_1_165' title='bbox 660 2339 771 2397; x_wconf 90' lang='lat' dir='ltr'><strong>ibidem</strong></span> <span class='ocrx_word' id='word_1_166' title='bbox 798 2357 969 2414; x_wconf 91' lang='lat' dir='ltr'><strong>supremum</strong></span> <span class='ocrx_word' id='word_1_167' title='bbox 996 2339 1076 2400; x_wconf 88' lang='lat' dir='ltr'><strong>diem</strong></span> <span class='ocrx_word' id='word_1_168' title='bbox 1099 2341 1184 2402; x_wconf 75' lang='lat' dir='ltr'><strong>vitae</strong></span> 
     </span>
     <span class='ocr_line' id='line_1_25' title="bbox 161 2427 1185 2502; baseline 0.001 -15"><span class='ocrx_word' id='word_1_169' title='bbox 161 2428 268 2487; x_wconf 85' lang='lat' dir='ltr'><strong>habuit</strong></span> <span class='ocrx_word' id='word_1_170' title='bbox 307 2446 343 2485; x_wconf 86' lang='lat' dir='ltr'><strong>ex</strong></span> <span class='ocrx_word' id='word_1_171' title='bbox 379 2447 481 2487; x_wconf 88' lang='lat' dir='ltr'><strong>eorum</strong></span> <span class='ocrx_word' id='word_1_172' title='bbox 517 2427 658 2492; x_wconf 83' lang='lat' dir='ltr'><strong>videlieet</strong></span> <span class='ocrx_word' id='word_1_173' title='bbox 698 2427 855 2502; x_wconf 82' lang='lat' dir='ltr'><strong>mandatu,</strong></span> <span class='ocrx_word' id='word_1_174' title='bbox 895 2429 1043 2502; x_wconf 85' lang='lat' dir='ltr'><strong>quantum</strong></span> <span class='ocrx_word' id='word_1_175' title='bbox 1078 2448 1185 2490; x_wconf 88' lang='lat' dir='ltr'><strong>rumor</strong></span> 
     </span>
     <span class='ocr_line' id='line_1_26' title="bbox 161 2516 1276 2594; baseline 0 -18"><span class='ocrx_word' id='word_1_176' title='bbox 161 2516 289 2591; x_wconf 85' lang='lat' dir='ltr'><strong>ferebat,</strong></span> <span class='ocrx_word' id='word_1_177' title='bbox 312 2518 439 2589; x_wconf 82' lang='lat' dir='ltr'><strong>oseisus,</strong></span> <span class='ocrx_word' id='word_1_178' title='bbox 467 2517 520 2592; x_wconf 91' lang='lat' dir='ltr'><strong>qui</strong></span> <span class='ocrx_word' id='word_1_179' title='bbox 543 2536 611 2575; x_wconf 92' lang='lat' dir='ltr'><strong>eum</strong></span> <span class='ocrx_word' id='word_1_180' title='bbox 633 2517 673 2575; x_wconf 91' lang='lat' dir='ltr'><strong>ad</strong></span> <span class='ocrx_word' id='word_1_181' title='bbox 695 2517 911 2581; x_wconf 77' lang='lat' dir='ltr'><strong>calumniosum</strong></span> <span class='ocrx_word' id='word_1_182' title='bbox 934 2517 1011 2578; x_wconf 88' lang='lat' dir='ltr'><strong>illud</strong></span> <span class='ocrx_word' id='word_1_183' title='bbox 1034 2517 1184 2578; x_wconf 76' lang='lat' dir='ltr'><strong>indicium</strong></span> <span class='ocrx_word' id='word_1_184' title='bbox 1198 2537 1224 2576; x_wconf 78' lang='lat' dir='ltr'><strong>ss</strong></span> <span class='ocrx_word' id='word_1_185' title='bbox 1275 2585 1276 2594; x_wconf 10' lang='grc' dir='ltr'>χ</span> 
     </span>
    </p>
   </div>
   <div class='ocr_carea' id='block_1_4' title="bbox 55 2606 1274 3048">
    <p class='ocr_par' dir='ltr' id='par_1_9' title="bbox 55 2606 1274 3048">
     <span class='ocr_line' id='line_1_27' title="bbox 163 2606 405 2664; baseline -0.008 0"><span class='ocrx_word' id='word_1_186' title='bbox 163 2606 405 2664; x_wconf 87' lang='lat' dir='ltr'><strong>subornaverant.</strong></span> 
     </span>
     <span class='ocr_line' id='line_1_28' title="bbox 55 2693 1273 2769; baseline 0.002 -17"><span class='ocrx_word' id='word_1_187' title='bbox 55 2699 144 2761; x_wconf 65' lang='lat'><strong>5133.</strong></span> <span class='ocrx_word' id='word_1_188' title='bbox 231 2693 278 2752; x_wconf 89' lang='lat' dir='ltr'><strong>Ut</strong></span> <span class='ocrx_word' id='word_1_189' title='bbox 300 2694 404 2752; x_wconf 86' lang='lat' dir='ltr'><strong>illius</strong></span> <span class='ocrx_word' id='word_1_190' title='bbox 427 2712 524 2752; x_wconf 86' lang='lat' dir='ltr'><strong>meae</strong></span> <span class='ocrx_word' id='word_1_191' title='bbox 548 2695 840 2769; x_wconf 87' lang='lat' dir='ltr'><strong>proseriptionis.</strong></span> <span class='ocrx_word' id='word_1_192' title='bbox 1267 2750 1273 2765; x_wconf 84' lang='grc'>,</span> 
     </span>
     <span class='ocr_line' id='line_1_29' title="bbox 222 2780 1274 2861; baseline 0.003 -22"><span class='ocrx_word' id='word_1_193' title='bbox 222 2783 461 2861; x_wconf 74' lang='lat' dir='ltr'><strong>vigilantissime</strong></span> <span class='ocrx_word' id='word_1_194' title='bbox 477 2780 634 2846; x_wconf 80' lang='lat' dir='ltr'><strong>Claudiam</strong></span> <span class='ocrx_word' id='word_1_195' title='bbox 652 2783 758 2860; x_wconf 84' lang='lat' dir='ltr'><strong>legem,</strong></span> <span class='ocrx_word' id='word_1_196' title='bbox 779 2801 854 2859; x_wconf 83' lang='lat' dir='ltr'><strong>quae</strong></span> <span class='ocrx_word' id='word_1_197' title='bbox 874 2783 909 2844; x_wconf 88' lang='lat' dir='ltr'><strong>de</strong></span> <span class='ocrx_word' id='word_1_198' title='bbox 929 2784 1019 2842; x_wconf 81' lang='lat' dir='ltr'><strong>exitio</strong></span> <span class='ocrx_word' id='word_1_199' title='bbox 1030 2781 1183 2844; x_wconf 76' lang='lat' dir='ltr'><strong>Ciceronis</strong></span> <span class='ocrx_word' id='word_1_200' title='bbox 1265 2782 1274 2861; x_wconf 69' lang='grc' dir='ltr'>ξ</span> 
     </span>
     <span class='ocr_line' id='line_1_30' title="bbox 162 2872 1273 2948; baseline 0.004 -17"><span class='ocrx_word' id='word_1_201' title='bbox 162 2872 293 2940; x_wconf 88' lang='lat' dir='ltr'><strong>eiusdem</strong></span> <span class='ocrx_word' id='word_1_202' title='bbox 315 2873 379 2930; x_wconf 86' lang='lat' dir='ltr'><strong>lata</strong></span> <span class='ocrx_word' id='word_1_203' title='bbox 407 2873 519 2944; x_wconf 84' lang='lat' dir='ltr'><strong>fuerat,</strong></span> <span class='ocrx_word' id='word_1_204' title='bbox 545 2872 655 2930; x_wconf 88' lang='lat' dir='ltr'><strong>maluit</strong></span> <span class='ocrx_word' id='word_1_205' title='bbox 682 2874 988 2948; x_wconf 74' lang='lat' dir='ltr'><strong>proscriptionem</strong></span> <span class='ocrx_word' id='word_1_206' title='bbox 1016 2874 1184 2946; x_wconf 82' lang='lat' dir='ltr'><strong>nominare,</strong></span> <span class='ocrx_word' id='word_1_207' title='bbox 1271 2881 1273 2886; x_wconf 82' lang='grc'>’</span> 
     </span>
     <span class='ocr_line' id='line_1_31' title="bbox 162 2953 1225 3048; baseline -0.001 -29"><span class='ocrx_word' id='word_1_208' title='bbox 162 2961 410 3037; x_wconf 86' lang='lat' dir='ltr'><strong>quemadmodum</strong></span> <span class='ocrx_word' id='word_1_209' title='bbox 432 2953 537 3020; x_wconf 87' lang='lat' dir='ltr'><strong>multis</strong></span> <span class='ocrx_word' id='word_1_210' title='bbox 560 2961 634 3020; x_wconf 89' lang='lat' dir='ltr'><strong>loeis</strong></span> <span class='ocrx_word' id='word_1_211' title='bbox 657 2962 737 3020; x_wconf 88' lang='lat' dir='ltr'><strong>feeit.</strong></span> <span class='ocrx_word' id='word_1_212' title='bbox 1020 3041 1022 3048; x_wconf 14' lang='grc' dir='ltr'><em>γ</em></span> <span class='ocrx_word' id='word_1_213' title='bbox 1198 2979 1225 3018; x_wconf 78' lang='lat' dir='ltr'><strong>so</strong></span> 
     </span>
    </p>
   </div>
   <div class='ocr_carea' id='block_1_5' title="bbox 230 3055 718 3163">
    <p class='ocr_par' dir='ltr' id='par_1_10' title="bbox 230 3055 718 3163">
     <span class='ocr_line' id='line_1_32' title="bbox 230 3055 718 3163; baseline 0.004 -17"><span class='ocrx_word' id='word_1_214' title='bbox 230 3099 262 3148; x_wconf 80' lang='lat' dir='ltr'><strong>re</strong></span> <span class='ocrx_word' id='word_1_215' title='bbox 281 3094 317 3159; x_wconf 70' lang='lat' dir='ltr'><strong>ef.</strong></span> <span class='ocrx_word' id='word_1_216' title='bbox 335 3055 457 3163; x_wconf 48' lang='lat' dir='ltr'><strong>mpetu.</strong></span> <span class='ocrx_word' id='word_1_217' title='bbox 476 3093 541 3150; x_wconf 75' lang='lat' dir='ltr'><strong>eeu.</strong></span> <span class='ocrx_word' id='word_1_218' title='bbox 562 3093 613 3150; x_wconf 73' lang='lat' dir='ltr'><strong>ev.</strong></span> <span class='ocrx_word' id='word_1_219' title='bbox 632 3094 659 3148; x_wconf 89' lang='lat'><strong>11</strong></span> <span class='ocrx_word' id='word_1_220' title='bbox 678 3101 718 3152; x_wconf 74' lang='lat'><strong>12.</strong></span> 
     </span>
    </p>
   </div>
   <div class='ocr_carea' id='block_1_6' title="bbox 161 3234 1184 3660">
    <p class='ocr_par' dir='ltr' id='par_1_11' title="bbox 161 3234 1184 3660">
     <span class='ocr_line' id='line_1_33' title="bbox 230 3234 1183 3306; baseline 0 -16"><span class='ocrx_word' id='word_1_221' title='bbox 230 3234 407 3291; x_wconf 81' lang='lat' dir='ltr'><strong>lClodiaG</strong></span> <span class='ocrx_word' id='word_1_222' title='bbox 476 3242 492 3290; x_wconf 80' lang='lat'><strong>5</strong></span> <span class='ocrx_word' id='word_1_223' title='bbox 516 3238 670 3305; x_wconf 86' lang='lat' dir='ltr'><strong>oportunae</strong></span> <span class='ocrx_word' id='word_1_224' title='bbox 691 3237 866 3306; x_wconf 77' lang='lat' dir='ltr'><strong>Coportune</strong></span> <span class='ocrx_word' id='word_1_225' title='bbox 884 3254 927 3295; x_wconf 82' lang='lat' dir='ltr'><strong>mo</strong></span> <span class='ocrx_word' id='word_1_226' title='bbox 998 3239 1183 3305; x_wconf 74' lang='lat' dir='ltr'><strong>...tTthiN</strong></span> 
     </span>
     <span class='ocr_line' id='line_1_34' title="bbox 220 3305 1184 3378; baseline 0.009 -17.489"><span class='ocrx_word' id='word_1_227' title='bbox 220 3305 349 3361; x_wconf 76' lang='lat' dir='ltr'><strong>KdiPldN</strong></span> <span class='ocrx_word' id='word_1_228' title='bbox 374 3308 812 3378; x_wconf 58' lang='lat' dir='ltr'><strong>repetentesrepetentes</strong></span> <span class='ocrx_word' id='word_1_229' title='bbox 889 3314 904 3364; x_wconf 82' lang='lat'>6</span> <span class='ocrx_word' id='word_1_230' title='bbox 928 3307 1082 3366; x_wconf 85' lang='lat' dir='ltr'><strong>Brindisim</strong></span> <span class='ocrx_word' id='word_1_231' title='bbox 1101 3310 1184 3376; x_wconf 64' lang='lat' dir='ltr'><strong>Ono,</strong></span> 
     </span>
     <span class='ocr_line' id='line_1_35' title="bbox 161 3325 1183 3460; baseline 0.004 -28"><span class='ocrx_word' id='word_1_232' title='bbox 161 3395 229 3439; x_wconf 70' lang='lat' dir='ltr'><strong>corr,</strong></span> <span class='ocrx_word' id='word_1_233' title='bbox 250 3378 409 3459; x_wconf 64' lang='lat' dir='ltr'><strong>Wesenberp</strong></span> <span class='ocrx_word' id='word_1_234' title='bbox 443 3448 449 3460; x_wconf 30' lang='grc' dir='ltr'><strong><em>ι</em></strong></span> <span class='ocrx_word' id='word_1_235' title='bbox 492 3384 508 3460; x_wconf 65' lang='lat' dir='ltr'><strong>t</strong></span> <span class='ocrx_word' id='word_1_236' title='bbox 535 3325 650 3436; x_wconf 58' lang='lat' dir='ltr'><strong>verdum</strong></span> <span class='ocrx_word' id='word_1_237' title='bbox 679 3380 795 3448; x_wconf 77' lang='lat' dir='ltr'><strong>agnovi;</strong></span> <span class='ocrx_word' id='word_1_238' title='bbox 824 3381 867 3433; x_wconf 88' lang='lat' dir='ltr'><strong>est</strong></span> <span class='ocrx_word' id='word_1_239' title='bbox 894 3380 968 3436; x_wconf 90' lang='lat' dir='ltr'><strong>enim</strong></span> <span class='ocrx_word' id='word_1_240' title='bbox 995 3379 1074 3436; x_wconf 87' lang='lat' dir='ltr'><strong>illius</strong></span> <span class='ocrx_word' id='word_1_241' title='bbox 1101 3380 1183 3439; x_wconf 69' lang='lat' dir='ltr'><strong>eodo.</strong></span> 
     </span>
     <span class='ocr_line' id='line_1_36' title="bbox 163 3449 1083 3518; baseline 0.002 -14"><span class='ocrx_word' id='word_1_242' title='bbox 163 3451 217 3510; x_wconf 69' lang='lat' dir='ltr'><strong>oie.</strong></span> <span class='ocrx_word' id='word_1_243' title='bbox 323 3454 356 3502; x_wconf 79' lang='grc'><strong>17</strong></span> <span class='ocrx_word' id='word_1_244' title='bbox 384 3465 414 3502; x_wconf 88' lang='lat' dir='ltr'><strong>m</strong></span> <span class='ocrx_word' id='word_1_245' title='bbox 441 3449 578 3504; x_wconf 82' lang='lat' dir='ltr'><strong>1udroium</strong></span> <span class='ocrx_word' id='word_1_246' title='bbox 605 3451 653 3506; x_wconf 77' lang='lat' dir='ltr'><strong>Gra</strong></span> <span class='ocrx_word' id='word_1_247' title='bbox 680 3450 710 3504; x_wconf 88' lang='lat' dir='ltr'><strong>in</strong></span> <span class='ocrx_word' id='word_1_248' title='bbox 732 3450 870 3512; x_wconf 76' lang='lat' dir='ltr'><strong>indioium</strong></span> <span class='ocrx_word' id='word_1_249' title='bbox 897 3468 926 3518; x_wconf 90' lang='lat' dir='ltr'><strong>o,</strong></span> <span class='ocrx_word' id='word_1_250' title='bbox 953 3467 1022 3508; x_wconf 80' lang='lat' dir='ltr'><strong>sorr.</strong></span> <span class='ocrx_word' id='word_1_251' title='bbox 1044 3451 1083 3506; x_wconf 82' lang='lat' dir='ltr'><strong>Or</strong></span> 
     </span>
     <span class='ocr_line' id='line_1_37' title="bbox 162 3518 1184 3593; baseline 0.005 -20"><span class='ocrx_word' id='word_1_252' title='bbox 162 3525 196 3573; x_wconf 81' lang='lat'><strong>20</strong></span> <span class='ocrx_word' id='word_1_253' title='bbox 224 3518 330 3578; x_wconf 83' lang='lat' dir='ltr'><strong>iudioio</strong></span> <span class='ocrx_word' id='word_1_254' title='bbox 355 3520 379 3574; x_wconf 81' lang='lat'><em>0</em></span> <span class='ocrx_word' id='word_1_255' title='bbox 466 3526 498 3573; x_wconf 78' lang='lat'><strong>21</strong></span> <span class='ocrx_word' id='word_1_256' title='bbox 527 3520 556 3576; x_wconf 86' lang='lat' dir='ltr'><strong>L.</strong></span> <span class='ocrx_word' id='word_1_257' title='bbox 575 3520 641 3574; x_wconf 91' lang='lat' dir='ltr'><strong>Piso</strong></span> <span class='ocrx_word' id='word_1_258' title='bbox 666 3522 744 3587; x_wconf 83' lang='lat' dir='ltr'><strong>Ome,</strong></span> <span class='ocrx_word' id='word_1_259' title='bbox 766 3539 834 3580; x_wconf 74' lang='lat' dir='ltr'><strong>corr.</strong></span> <span class='ocrx_word' id='word_1_260' title='bbox 853 3521 987 3593; x_wconf 60' lang='lat' dir='ltr'><strong>scorteum</strong></span> <span class='ocrx_word' id='word_1_261' title='bbox 1078 3528 1112 3580; x_wconf 74' lang='lat'><strong>22</strong></span> <span class='ocrx_word' id='word_1_262' title='bbox 1141 3522 1184 3578; x_wconf 84' lang='lat' dir='ltr'><strong>ali</strong></span> 
     </span>
     <span class='ocr_line' id='line_1_38' title="bbox 164 3590 1134 3660; baseline 0.01 -19"><span class='ocrx_word' id='word_1_263' title='bbox 164 3592 212 3646; x_wconf 74' lang='lat' dir='ltr'><strong>em</strong></span> <span class='ocrx_word' id='word_1_264' title='bbox 284 3595 317 3642; x_wconf 76' lang='lat'><strong>23</strong></span> <span class='ocrx_word' id='word_1_265' title='bbox 337 3590 476 3660; x_wconf 81' lang='grc' dir='ltr'>ΤΙΒΙδ6“Ι</span> <span class='ocrx_word' id='word_1_266' title='bbox 560 3597 594 3643; x_wconf 76' lang='lat'><strong>24</strong></span> <span class='ocrx_word' id='word_1_267' title='bbox 621 3593 755 3654; x_wconf 85' lang='lat' dir='ltr'><strong>mandato</strong></span> <span class='ocrx_word' id='word_1_268' title='bbox 778 3611 804 3647; x_wconf 83' lang='lat' dir='ltr'><strong>m</strong></span> <span class='ocrx_word' id='word_1_269' title='bbox 886 3600 919 3648; x_wconf 75' lang='lat'><strong>25</strong></span> <span class='ocrx_word' id='word_1_270' title='bbox 947 3592 1084 3660; x_wconf 76' lang='lat' dir='ltr'><strong>iudicium</strong></span> <span class='ocrx_word' id='word_1_271' title='bbox 1109 3595 1134 3650; x_wconf 85' lang='lat'><em>0</em></span> 
     </span>
    </p>
   </div>
   <div class='ocr_carea' id='block_1_7' title="bbox 1275 2883 1277 3570">
    <p class='ocr_par' dir='ltr' id='par_1_12' title="bbox 1275 2883 1277 3570">
     <span class='ocr_line' id='line_1_39' title="bbox 1275 2883 1277 3570; baseline 0 0"><span class='ocrx_word' id='word_1_272' title='bbox 1275 2883 1277 3570; x_wconf 95' lang='lat' dir='ltr'><strong> </strong></span> 
     </span>
    </p>
   </div>
   <div class='ocr_carea' id='block_1_8' title="bbox 0 0 1282 3978">
    <p class='ocr_par' dir='ltr' id='par_1_13' title="bbox 0 0 1282 3978">
     <span class='ocr_line' id='line_1_40' title="bbox 0 0 1282 3978; baseline 0 0"><span class='ocrx_word' id='word_1_273' title='bbox 0 0 1282 3978; x_wconf 95' lang='lat' dir='ltr'><strong> </strong></span> 
     </span>
    </p>
   </div>
  </div>
 </body>
</html>
