2510 3970
489 204 504 264 δ
525 201 638 252 64-68.
1007 199 1070 262 143

53 366 171 424 fuerint
193 368 365 429 adiumento
389 369 427 429 ad
448 368 669 446 impetrandam
688 365 881 426 aedilitatem.
927 367 989 426 Nec
1012 385 1073 427 non

54 457 147 513 etiam
180 475 234 531 per
264 459 320 517 hoc
435 458 467 518 id
503 461 550 518 est
581 457 782 532 compensatio
815 456 1002 533 implebitur,
1037 459 1072 516 ut

53 544 169 603 iudices
200 565 251 606 reo
283 550 411 606 maxime
443 547 582 625 prodesse
613 546 769 622 patientum
801 543 840 603 ad
870 546 1071 622 inpunitatem

54 635 220 708 praesentis
243 636 364 696 huiusce
388 637 568 696 discriminis
591 653 629 694 ea
653 632 808 708 beneficia,
836 652 912 710 quae
937 632 1072 693 Ciceroni

29 721 227 798 epraebuerit
254 726 398 800 exolanti,
429 727 466 785 ut
490 723 613 784 haberet
639 725 672 781 in
698 723 816 800 integro
845 725 940 782 civem
962 725 1071 798 patria,

54 829 143 887 quem
165 817 342 890 reposceret
385 813 517 874 Verbum
543 814 600 873 hoc
623 830 823 888 quoquenon
850 814 997 872 incuriose
1020 811 1070 871 ad·

54 903 203 977 notemus,
225 901 306 979 quod
328 903 549 964 debitionem
572 903 714 979 pecuniae
738 901 821 960 dixit.

120 986 286 1050 Gratiam
308 994 427 1052 autem
454 994 502 1066 et,
526 993 587 1067 qui
608 991 735 1064 refert,
762 985 961 1068 (habetet,
989 985 1071 1069 qui>

55 1076 176 1154 habet,
200 1098 239 1139 eo
262 1082 356 1157 ipso,
380 1081 473 1156 quod
494 1080 615 1154 habet,
637 1079 759 1139 refert.

22 1183 43 1222 ro
117 1166 218 1228 Locus
241 1171 298 1229 etsi
320 1171 467 1248 generalis
490 1170 526 1229 de
554 1170 648 1228 animi
674 1169 832 1246 religione,
860 1169 913 1244 qui
939 1169 1071 1230 debitam

54 1275 106 1330 pro
138 1256 281 1318 beneficio
314 1261 444 1337 gratiam
479 1259 604 1332 referat,
639 1259 741 1316 tamon
778 1276 884 1317 causae
920 1263 1071 1335 praesenti

53 1345 217 1419 plurimum
240 1348 477 1424 patrocinabitur
496 1346 535 1408 ad
552 1348 686 1407 favorem
705 1348 853 1422 copiosius
871 1350 1070 1408 ratiocinante

54 1433 90 1491 Μ.
110 1434 221 1510 Τιιλλύο,
244 1455 298 1496 nec
320 1456 380 1496 non
403 1439 496 1496 otiam
513 1438 599 1495 iuxta
621 1438 781 1512 praecepta
803 1439 993 1513 sapientium,
1019 1441 1071 1515 qui

55 1525 168 1584 animos
201 1526 389 1603 ingratorum
415 1545 476 1586 non
503 1544 610 1602 parum
637 1524 755 1584 orridam
783 1527 902 1585 crimini
928 1526 1070 1588 obnoxios

22 1627 43 1666 rs
56 1611 248 1688 arbitrantur,
271 1615 390 1690 quando
413 1616 444 1673 et
466 1613 639 1692 parentibus
662 1616 693 1672 et
715 1615 819 1674 amicis
842 1618 873 1674 et
895 1619 1069 1692 protectori·

54 1699 105 1760 bus
128 1703 237 1762 salutis
260 1705 380 1763 nostrae
401 1704 458 1763 hoc
480 1704 687 1763 testimonium
710 1703 881 1778 debeamus,
908 1699 985 1783 <ut>
1007 1725 1070 1780 nos,

55 1790 84 1847 in
105 1793 254 1866 quantum
277 1794 383 1869 potest,
407 1795 508 1871 gratos
532 1791 697 1869 adprobare
720 1793 854 1853 velimus.
896 1793 940 1853 De
964 1794 1069 1855 officiis

55 1878 129 1938 idem
161 1880 214 1942 lib.
242 1880 258 1939 1
289 1883 332 1941 sic
364 1883 421 1941 ait:
454 1881 563 1955 Qrcodei
595 1899 642 1950 eo,
674 1897 748 1954 qcoe
779 1883 888 1942 cicada
920 1887 1070 1956 acceperis,

56 1970 161 2030 maiore
189 1987 342 2040 mensura,
368 1971 505 2030 simodo
526 1971 638 2045 possis,
664 1971 743 2029 iubet
767 1971 887 2031 reddere
913 1973 1069 2043 Hesiodus,

25 2059 195 2126 scomma
217 2059 351 2132 beneficio
373 2060 524 2134 provocati
550 2062 646 2134 facere
667 2059 822 2119 debentes?
866 2060 990 2121 Accedit
1012 2062 1070 2121 hue

58 2147 156 2222 etiam,
191 2148 272 2223 quod
302 2167 395 2227 genus
426 2150 551 2208 maximi
583 2149 715 2208 criminis
745 2151 819 2224 aput
845 2149 951 2210 Persas
978 2151 1069 2211 fuisse

57 2235 192 2311 traditur,
215 2238 242 2296 si
260 2239 313 2313 qui
330 2239 477 2298 extitisset
494 2239 640 2316 ingratus,
658 2239 853 2313 meminitque
871 2241 916 2299 rei
933 2240 1069 2300 Xenofon

59 2318 156 2396 Κύρου
185 2321 331 2386 παιδεία(
356 2325 434 2386 libro
461 2328 559 2403 primo
587 2327 747 2387 secundum
773 2327 847 2387 haec
879 2327 969 2388 verba
1001 2348 1068 2389 con·

60 2413 199 2474 scribens:
222 2461 229 2474 .
246 2460 251 2471 .
268 2460 273 2472 .

30 2494 48 2533 ²⁵
384 2485 514 2559 (Desunt
535 2487 578 2545 II
591 2486 744 2562 popinae.)

59 2602 266 2615 *ha——

120 2660 152 2709 18
173 2654 230 2709 Cic.
250 2655 286 2709 de
305 2653 350 2712 off.
369 2654 383 2709 I
402 2662 444 2724 15,
458 2661 501 2710 48.

119 2731 152 2780 23
172 2725 243 2780 Xen.
259 2727 348 2795 Κύρου
367 2726 535 2795 corb.12,'1
560 2729 697 2783 δικάζουει
720 2729 750 2781 δὲ
774 2730 819 2781 καί
842 2729 1015 2794 ἐγκλήματος
1034 2731 1067 2784 ού

62 2794 133 2850 ἕνεκα
143 2799 288 2865 ἄνθρωποι
303 2803 406 2864 piccio
416 2801 466 2864 μὲν
476 2800 612 2865 ἀλλήλους
623 2800 745 2867 μάλιετα,
756 2799 912 2854 δικάζονται
918 2801 952 2853 ’δὲ
961 2802 1067 2870 teucro,

61 2865 217 2937 ἀχοριοτίαε,
238 2872 283 2923 καί
302 2871 335 2924 δν
354 2871 389 2924 ἂν
401 2875 486 2936 γνῶει
505 2871 661 2936 δυνάμενον
675 2871 726 2936 μὲν
744 2871 824 2937 χάριν
838 2871 1009 2939 ἀποδιδόναι,
1030 2875 1067 2940 μὴ

62 2935 223 2995 ἀποδιδόντα
242 2943 281 3008 δέ,
300 2941 444 2996 κολάζουει
465 2944 511 2995 καὶ
528 2946 632 2996 τοῦτον
650 2941 773 3008 ἰοχυρῶε.
805 2942 911 2996 οἴονται
929 2943 982 3009 γὰρ
1001 2945 1068 2998 τού(

63 3007 217 3076 ἀχορίετου(
236 3015 282 3066 καί
300 3015 363 3079 περὶ
380 3015 463 3067 θεοὺς
482 3014 516 3067 ἂν
531 3014 645 3077 μάλιετα
664 3013 773 3078 ἀμελῶ(
792 3014 924 3078 ἔχεινκαὶ
941 3017 1003 3081 περὶ
1021 3031 1067 3079 γο-

63 3080 119 3134 νέα(
138 3085 184 3137 καί
201 3083 321 3150 πατρίδα
341 3086 385 3138 καί
404 3083 510 3151 φίλους.

65 3167 267 3184 M.—

122 3228 134 3275 1
154 3223 280 3279 fueritO
349 3230 365 3278 2
384 3226 434 3279 loo.
449 3230 466 3280 4
480 3241 528 3280 cna
539 3251 573 3270 =
589 3230 606 3279 9
621 3226 671 3281 tire.
691 3225 842 3281 ἀντίετααε
860 3226 949 3296 suppl.
959 3227 1001 3298 Zp

64 3293 77 3339 8
89 3291 192 3362 <habet
201 3296 231 3349 et
240 3294 311 3368 qui>
321 3297 396 3350 codd.
404 3297 458 3352 Cic.
519 3301 534 3350 9
548 3295 579 3349 in
593 3312 626 3350 eo
640 3295 716 3350 codd.
724 3297 778 3353 Cic.
839 3303 871 3351 12
885 3297 1068 3352 ratiocinanti

67 3359 127 3430 Οοιο,
140 3383 207 3421 corr.
218 3366 251 3422 St
323 3373 355 3421 16
374 3367 448 3440 (ut)
463 3383 506 3422 mo
579 3372 612 3420 1⁷
626 3367 744 3422 velimus
757 3385 800 3423 mo
819 3369 958 3438 possimus
974 3369 999 3424 0

67 3436 93 3484 18
109 3436 242 3508 distinqui
253 3454 310 3493 coc
319 3445 415 3507 potest,
429 3445 522 3494 obrem
538 3439 553 3492 t·
568 3456 608 3508 απ
623 3440 652 3493 ΙΙ·
669 3439 693 3495 0
708 3442 845 3508 arrepserit
911 3446 943 3494 19
958 3440 1067 3495 iuberet

67 3501 85 3554 0
147 3514 180 3562 23
200 3510 290 3577 Κύρου
309 3509 434 3565 παιδεία(
451 3510 540 3580 sceppt.
555 3526 598 3564 mo
616 3512 648 3564 ic
662 3512 711 3565 loo.
727 3511 778 3583 5¹f,
794 3528 842 3566 cm.
853 3537 887 3558 =
903 3515 938 3565 13
953 3512 1002 3567 litt.

68 3577 94 3625 24
111 3577 156 3634 loc.
167 3580 216 3652 5¹s,
228 3597 277 3634 orn.
289 3581 321 3650 t·
332 3581 407 3635 9b're.
455 3598 498 3636 mo
513 3583 599 3636 loram
613 3598 647 3636 ex
656 3582 834 3652 Xenophonte
842 3585 958 3650 petitum
968 3583 1068 3637 babeat
