<?xml version="1.0" encoding="UTF-8"?>
<!DOCTYPE html PUBLIC "-//W3C//DTD XHTML 1.0 Transitional//EN"
    "http://www.w3.org/TR/xhtml1/DTD/xhtml1-transitional.dtd">
<html xmlns="http://www.w3.org/1999/xhtml" xml:lang="en" lang="en">
 <head>
  <title>
</title>
<meta http-equiv="Content-Type" content="text/html;charset=utf-8" />
  <meta name='ocr-system' content='tesseract 3.04.00' />
  <meta name='ocr-capabilities' content='ocr_page ocr_carea ocr_par ocr_line ocrx_word'/>
</head>
<body>
  <div class='ocr_page' id='page_1' title='image "./scholiaincicero02hildgoog_0333.png"; bbox 0 0 2578 3972; ppageno 0'>
   <div class='ocr_carea' id='block_1_1' title="bbox 163 155 231 219">
    <p class='ocr_par' dir='ltr' id='par_1_1' title="bbox 163 155 231 219">
     <span class='ocr_line' id='line_1_1' title="bbox 163 155 231 219; baseline -0.029 0"><span class='ocrx_word' id='word_1_1' title='bbox 163 155 231 219; x_wconf 79' lang='lat'>274</span> 
     </span>
    </p>
   </div>
   <div class='ocr_carea' id='block_1_2' title="bbox 180 314 649 2078">
    <p class='ocr_par' dir='ltr' id='par_1_2' title="bbox 180 314 649 1935">
     <span class='ocr_line' id='line_1_2' title="bbox 182 314 649 385; baseline -0.002 -16"><span class='ocrx_word' id='word_1_2' title='bbox 182 315 366 384; x_wconf 89' lang='lat' dir='ltr'>quamobrem</span> <span class='ocrx_word' id='word_1_3' title='bbox 388 331 451 369; x_wconf 90' lang='lat' dir='ltr'>cum</span> <span class='ocrx_word' id='word_1_4' title='bbox 476 329 581 385; x_wconf 77' lang='lat' dir='ltr'>magns</span> <span class='ocrx_word' id='word_1_5' title='bbox 605 314 649 368; x_wconf 91' lang='lat' dir='ltr'>in-</span> 
     </span>
     <span class='ocr_line' id='line_1_3' title="bbox 180 387 647 440; baseline 0 0"><span class='ocrx_word' id='word_1_6' title='bbox 180 387 258 440; x_wconf 83' lang='lat' dir='ltr'>vidie</span> <span class='ocrx_word' id='word_1_7' title='bbox 286 389 425 440; x_wconf 85' lang='lat' dir='ltr'>commota</span> <span class='ocrx_word' id='word_1_8' title='bbox 452 389 526 440; x_wconf 89' lang='lat' dir='ltr'>esset</span> <span class='ocrx_word' id='word_1_9' title='bbox 548 389 647 440; x_wconf 85' lang='lat' dir='ltr'>contra</span> 
     </span>
     <span class='ocr_line' id='line_1_4' title="bbox 182 456 647 526; baseline -0.004 -14"><span class='ocrx_word' id='word_1_10' title='bbox 182 475 247 512; x_wconf 90' lang='lat' dir='ltr'>eum</span> <span class='ocrx_word' id='word_1_11' title='bbox 265 459 322 512; x_wconf 80' lang='lat' dir='ltr'>dat.</span> <span class='ocrx_word' id='word_1_12' title='bbox 337 463 381 526; x_wconf 88' lang='grc'>20,</span> <span class='ocrx_word' id='word_1_13' title='bbox 388 473 410 523; x_wconf 84' lang='grc'>0,</span> <span class='ocrx_word' id='word_1_14' title='bbox 430 456 474 511; x_wconf 87' lang='lat' dir='ltr'>SC</span> <span class='ocrx_word' id='word_1_15' title='bbox 488 457 564 511; x_wconf 80' lang='lat' dir='ltr'>facto</span> <span class='ocrx_word' id='word_1_16' title='bbox 582 474 647 512; x_wconf 90' lang='lat' dir='ltr'>reus</span> 
     </span>
     <span class='ocr_line' id='line_1_5' title="bbox 182 529 647 583; baseline -0.002 -1"><span class='ocrx_word' id='word_1_17' title='bbox 182 529 218 583; x_wconf 91' lang='lat' dir='ltr'>de</span> <span class='ocrx_word' id='word_1_18' title='bbox 245 530 353 583; x_wconf 90' lang='lat' dir='ltr'>incesto</span> <span class='ocrx_word' id='word_1_19' title='bbox 380 529 474 582; x_wconf 84' lang='lat' dir='ltr'>factus</span> <span class='ocrx_word' id='word_1_20' title='bbox 500 529 542 581; x_wconf 88' lang='lat' dir='ltr'>est</span> <span class='ocrx_word' id='word_1_21' title='bbox 564 544 647 582; x_wconf 85' lang='lat' dir='ltr'>socu-</span> 
     </span>
     <span class='ocr_line' id='line_1_6' title="bbox 182 599 648 654; baseline -0.002 -1"><span class='ocrx_word' id='word_1_22' title='bbox 182 603 262 654; x_wconf 86' lang='lat' dir='ltr'>sante</span> <span class='ocrx_word' id='word_1_23' title='bbox 277 601 306 654; x_wconf 84' lang='lat' dir='ltr'>L.</span> <span class='ocrx_word' id='word_1_24' title='bbox 317 599 445 654; x_wconf 89' lang='lat' dir='ltr'>Cornelio</span> <span class='ocrx_word' id='word_1_25' title='bbox 462 599 580 654; x_wconf 80' lang='lat' dir='ltr'><strong>Lentulo</strong></span> <span class='ocrx_word' id='word_1_26' title='bbox 599 599 648 652; x_wconf 90' lang='lat' dir='ltr'>de-</span> 
     </span>
     <span class='ocr_line' id='line_1_7' title="bbox 181 669 647 739; baseline 0 -15"><span class='ocrx_word' id='word_1_27' title='bbox 181 672 315 726; x_wconf 88' lang='lat' dir='ltr'>fendente</span> <span class='ocrx_word' id='word_1_28' title='bbox 351 670 380 726; x_wconf 93' lang='lat' dir='ltr'>C.</span> <span class='ocrx_word' id='word_1_29' title='bbox 409 669 529 725; x_wconf 79' lang='lat' dir='ltr'>Curione</span> <span class='ocrx_word' id='word_1_30' title='bbox 565 673 647 739; x_wconf 86' lang='lat' dir='ltr'>petre</span> 
     </span>
     <span class='ocr_line' id='line_1_8' title="bbox 182 744 644 814; baseline 0 -18"><span class='ocrx_word' id='word_1_31' title='bbox 182 744 520 814; x_wconf 66' lang='lat' dir='ltr'>(eesfo1)nmn.ao,1r</span> <span class='ocrx_word' id='word_1_32' title='bbox 548 747 591 808; x_wconf 87' lang='grc'>20,</span> <span class='ocrx_word' id='word_1_33' title='bbox 611 757 644 796; x_wconf 79' lang='lat' dir='ltr'>rs</span> 
     </span>
     <span class='ocr_line' id='line_1_9' title="bbox 181 784 647 882; baseline -0.006 -14"><span class='ocrx_word' id='word_1_34' title='bbox 181 816 238 868; x_wconf 83' lang='lat' dir='ltr'>dat.</span> <span class='ocrx_word' id='word_1_35' title='bbox 254 819 297 880; x_wconf 89' lang='grc'>20,</span> <span class='ocrx_word' id='word_1_36' title='bbox 308 829 341 868; x_wconf 78' lang='lat' dir='ltr'>is.</span> <span class='ocrx_word' id='word_1_37' title='bbox 367 829 402 867; x_wconf 89' lang='grc'>00</span> <span class='ocrx_word' id='word_1_38' title='bbox 421 812 513 882; x_wconf 87' lang='lat' dir='ltr'>primo</span> <span class='ocrx_word' id='word_1_39' title='bbox 531 784 647 880; x_wconf 87' lang='lat' dir='ltr'>quidem</span> 
     </span>
     <span class='ocr_line' id='line_1_10' title="bbox 182 884 647 967; baseline -0.004 -29"><span class='ocrx_word' id='word_1_40' title='bbox 182 885 336 967; x_wconf 84' lang='lat' dir='ltr'>impeditus</span> <span class='ocrx_word' id='word_1_41' title='bbox 364 887 408 939; x_wconf 89' lang='grc'>000</span> <span class='ocrx_word' id='word_1_42' title='bbox 434 900 453 937; x_wconf 85' lang='lat' dir='ltr'>a</span> <span class='ocrx_word' id='word_1_43' title='bbox 478 884 549 949; x_wconf 88' lang='lat' dir='ltr'>suis,</span> <span class='ocrx_word' id='word_1_44' title='bbox 577 900 647 952; x_wconf 92' lang='lat' dir='ltr'>quo-</span> 
     </span>
     <span class='ocr_line' id='line_1_11' title="bbox 182 954 645 1010; baseline -0.002 -1"><span class='ocrx_word' id='word_1_45' title='bbox 182 955 275 1010; x_wconf 91' lang='lat' dir='ltr'>minus</span> <span class='ocrx_word' id='word_1_46' title='bbox 301 972 413 1010; x_wconf 81' lang='lat' dir='ltr'>causum</span> <span class='ocrx_word' id='word_1_47' title='bbox 439 954 547 1010; x_wconf 84' lang='lat' dir='ltr'>diceret</span> <span class='ocrx_word' id='word_1_48' title='bbox 573 972 645 1008; x_wconf 76' lang='lat' dir='ltr'>nom.</span> 
     </span>
     <span class='ocr_line' id='line_1_12' title="bbox 183 1027 647 1095; baseline 0 -16"><span class='ocrx_word' id='word_1_49' title='bbox 183 1032 226 1095; x_wconf 87' lang='grc'>20,</span> <span class='ocrx_word' id='word_1_50' title='bbox 234 1043 312 1082; x_wconf 86' lang='grc'>04-</span> <span class='ocrx_word' id='word_1_51' title='bbox 332 1028 390 1080; x_wconf 84' lang='lat' dir='ltr'>iam</span> <span class='ocrx_word' id='word_1_52' title='bbox 407 1029 469 1081; x_wconf 87' lang='lat' dir='ltr'>tum</span> <span class='ocrx_word' id='word_1_53' title='bbox 487 1027 530 1079; x_wconf 85' lang='lat' dir='ltr'>vir</span> <span class='ocrx_word' id='word_1_54' title='bbox 547 1028 647 1094; x_wconf 88' lang='lat' dir='ltr'>poten-</span> 
     </span>
     <span class='ocr_line' id='line_1_13' title="bbox 182 1097 646 1162; baseline 0.002 -11"><span class='ocrx_word' id='word_1_55' title='bbox 182 1098 308 1151; x_wconf 76' lang='lat' dir='ltr'>tissimus</span> <span class='ocrx_word' id='word_1_56' title='bbox 335 1097 391 1152; x_wconf 80' lang='lat' dir='ltr'>fuit</span> <span class='ocrx_word' id='word_1_57' title='bbox 422 1099 475 1152; x_wconf 85' lang='lat' dir='ltr'>abl.</span> <span class='ocrx_word' id='word_1_58' title='bbox 504 1104 574 1162; x_wconf 83' lang='grc'>21,0</span> <span class='ocrx_word' id='word_1_59' title='bbox 598 1118 646 1162; x_wconf 86' lang='grc'>-;</span> 
     </span>
     <span class='ocr_line' id='line_1_14' title="bbox 183 1168 648 1238; baseline -0.002 -15"><span class='ocrx_word' id='word_1_60' title='bbox 183 1172 291 1238; x_wconf 80' lang='lat' dir='ltr'>postea,</span> <span class='ocrx_word' id='word_1_61' title='bbox 306 1186 370 1222; x_wconf 89' lang='lat' dir='ltr'>oum</span> <span class='ocrx_word' id='word_1_62' title='bbox 383 1168 520 1222; x_wconf 91' lang='lat' dir='ltr'>iudicium</span> <span class='ocrx_word' id='word_1_63' title='bbox 529 1169 648 1222; x_wconf 88' lang='lat' dir='ltr'>habere-</span> 
     </span>
     <span class='ocr_line' id='line_1_15' title="bbox 184 1239 647 1309; baseline -0.002 -15"><span class='ocrx_word' id='word_1_64' title='bbox 184 1243 244 1308; x_wconf 86' lang='lat' dir='ltr'>tur,</span> <span class='ocrx_word' id='word_1_65' title='bbox 262 1240 370 1295; x_wconf 88' lang='lat' dir='ltr'>iudices</span> <span class='ocrx_word' id='word_1_66' title='bbox 390 1240 516 1309; x_wconf 90' lang='lat' dir='ltr'>corrupit</span> <span class='ocrx_word' id='word_1_67' title='bbox 534 1239 647 1293; x_wconf 88' lang='lat' dir='ltr'>absolu-</span> 
     </span>
     <span class='ocr_line' id='line_1_16' title="bbox 182 1311 648 1380; baseline -0.004 -14"><span class='ocrx_word' id='word_1_68' title='bbox 182 1315 286 1380; x_wconf 85' lang='lat' dir='ltr'>tusque</span> <span class='ocrx_word' id='word_1_69' title='bbox 304 1318 347 1366; x_wconf 89' lang='lat' dir='ltr'>est</span> <span class='ocrx_word' id='word_1_70' title='bbox 365 1312 415 1378; x_wconf 89' lang='grc'>100,</span> <span class='ocrx_word' id='word_1_71' title='bbox 433 1314 467 1365; x_wconf 96' lang='grc'>00</span> <span class='ocrx_word' id='word_1_72' title='bbox 479 1311 569 1364; x_wconf 88' lang='lat' dir='ltr'>XXXI</span> <span class='ocrx_word' id='word_1_73' title='bbox 585 1327 648 1364; x_wconf 89' lang='grc'>000-</span> 
     </span>
     <span class='ocr_line' id='line_1_17' title="bbox 182 1382 648 1452; baseline 0 -16"><span class='ocrx_word' id='word_1_74' title='bbox 182 1384 289 1436; x_wconf 82' lang='grc'>0000100</span> <span class='ocrx_word' id='word_1_75' title='bbox 302 1400 352 1452; x_wconf 87' lang='lat' dir='ltr'>pro</span> <span class='ocrx_word' id='word_1_76' title='bbox 365 1399 398 1437; x_wconf 91' lang='lat' dir='ltr'>eo</span> <span class='ocrx_word' id='word_1_77' title='bbox 412 1383 558 1448; x_wconf 80' lang='lat' dir='ltr'>ferrentur,</span> <span class='ocrx_word' id='word_1_78' title='bbox 570 1382 648 1436; x_wconf 89' lang='lat' dir='ltr'>XXV</span> 
     </span>
     <span class='ocr_line' id='line_1_18' title="bbox 183 1459 646 1521; baseline -0.004 -13"><span class='ocrx_word' id='word_1_79' title='bbox 183 1459 281 1509; x_wconf 84' lang='lat' dir='ltr'>contra</span> <span class='ocrx_word' id='word_1_80' title='bbox 307 1471 378 1508; x_wconf 82' lang='lat' dir='ltr'>nom.</span> <span class='ocrx_word' id='word_1_81' title='bbox 398 1461 442 1521; x_wconf 91' lang='lat'>21,</span> <span class='ocrx_word' id='word_1_82' title='bbox 452 1469 485 1509; x_wconf 84' lang='grc'>00.</span> <span class='ocrx_word' id='word_1_83' title='bbox 514 1459 601 1520; x_wconf 81' lang='grc'>21,00.</span> <span class='ocrx_word' id='word_1_84' title='bbox 613 1469 646 1508; x_wconf 85' lang='grc'>00.</span> 
     </span>
     <span class='ocr_line' id='line_1_19' title="bbox 184 1525 646 1596; baseline -0.004 -16"><span class='ocrx_word' id='word_1_85' title='bbox 184 1532 227 1592; x_wconf 84' lang='grc'>20,</span> <span class='ocrx_word' id='word_1_86' title='bbox 237 1541 271 1580; x_wconf 74' lang='lat' dir='ltr'>so.</span> <span class='ocrx_word' id='word_1_87' title='bbox 293 1531 353 1592; x_wconf 80' lang='grc'>000,</span> <span class='ocrx_word' id='word_1_88' title='bbox 363 1541 383 1580; x_wconf 80' lang='lat' dir='ltr'>r.</span> <span class='ocrx_word' id='word_1_89' title='bbox 402 1542 462 1596; x_wconf 65' lang='lat' dir='ltr'>pen.</span> <span class='ocrx_word' id='word_1_90' title='bbox 477 1531 521 1592; x_wconf 80' lang='grc'>00,</span> <span class='ocrx_word' id='word_1_91' title='bbox 531 1541 565 1582; x_wconf 86' lang='lat'>11.</span> <span class='ocrx_word' id='word_1_92' title='bbox 589 1525 646 1578; x_wconf 73' lang='lat' dir='ltr'>aar.</span> 
     </span>
     <span class='ocr_line' id='line_1_20' title="bbox 183 1601 646 1664; baseline 0 -14"><span class='ocrx_word' id='word_1_93' title='bbox 183 1602 227 1664; x_wconf 79' lang='grc'>21,</span> <span class='ocrx_word' id='word_1_94' title='bbox 241 1613 276 1652; x_wconf 82' lang='grc'>00.</span> <span class='ocrx_word' id='word_1_95' title='bbox 302 1614 356 1651; x_wconf 87' lang='lat' dir='ltr'>ccc.</span> <span class='ocrx_word' id='word_1_96' title='bbox 376 1602 419 1662; x_wconf 82' lang='lat'>22,</span> <span class='ocrx_word' id='word_1_97' title='bbox 434 1612 467 1650; x_wconf 87' lang='grc'>00.</span> <span class='ocrx_word' id='word_1_98' title='bbox 483 1613 516 1651; x_wconf 90' lang='lat'>14.</span> <span class='ocrx_word' id='word_1_99' title='bbox 537 1601 598 1662; x_wconf 79' lang='lat'>15¹1,</span> <span class='ocrx_word' id='word_1_100' title='bbox 612 1611 646 1650; x_wconf 87' lang='grc'>00.</span> 
     </span>
     <span class='ocr_line' id='line_1_21' title="bbox 183 1667 648 1737; baseline 0.002 -17"><span class='ocrx_word' id='word_1_101' title='bbox 183 1668 237 1722; x_wconf 92' lang='lat' dir='ltr'>hoc</span> <span class='ocrx_word' id='word_1_102' title='bbox 255 1671 382 1737; x_wconf 87' lang='lat' dir='ltr'>tempore</span> <span class='ocrx_word' id='word_1_103' title='bbox 407 1669 466 1721; x_wconf 86' lang='lat' dir='ltr'>iem</span> <span class='ocrx_word' id='word_1_104' title='bbox 484 1667 648 1722; x_wconf 85' lang='lat' dir='ltr'>defaenera-</span> 
     </span>
     <span class='ocr_line' id='line_1_22' title="bbox 183 1741 647 1805; baseline 0.002 -13"><span class='ocrx_word' id='word_1_105' title='bbox 183 1743 229 1792; x_wconf 88' lang='lat' dir='ltr'>tus</span> <span class='ocrx_word' id='word_1_106' title='bbox 248 1741 310 1794; x_wconf 87' lang='lat' dir='ltr'>erat</span> <span class='ocrx_word' id='word_1_107' title='bbox 327 1755 381 1793; x_wconf 83' lang='lat' dir='ltr'>ace.</span> <span class='ocrx_word' id='word_1_108' title='bbox 397 1745 440 1805; x_wconf 85' lang='grc'>24,</span> <span class='ocrx_word' id='word_1_109' title='bbox 451 1754 470 1792; x_wconf 82' lang='lat' dir='ltr'>r.</span> <span class='ocrx_word' id='word_1_110' title='bbox 495 1741 548 1793; x_wconf 85' lang='lat' dir='ltr'>abl.</span> <span class='ocrx_word' id='word_1_111' title='bbox 569 1745 611 1804; x_wconf 84' lang='lat'>24,</span> <span class='ocrx_word' id='word_1_112' title='bbox 622 1754 647 1793; x_wconf 83' lang='grc'>00</span> 
     </span>
     <span class='ocr_line' id='line_1_23' title="bbox 185 1810 647 1878; baseline -0.002 -14"><span class='ocrx_word' id='word_1_113' title='bbox 185 1813 213 1864; x_wconf 89' lang='grc'>00</span> <span class='ocrx_word' id='word_1_114' title='bbox 254 1810 469 1864; x_wconf 87' lang='lat' dir='ltr'>candidatorum</span> <span class='ocrx_word' id='word_1_115' title='bbox 512 1811 647 1878; x_wconf 82' lang='lat' dir='ltr'>pecunias</span> 
     </span>
     <span class='ocr_line' id='line_1_24' title="bbox 183 1881 647 1935; baseline -0.002 0"><span class='ocrx_word' id='word_1_116' title='bbox 183 1881 373 1935; x_wconf 76' lang='lat' dir='ltr'>intervertisse</span> <span class='ocrx_word' id='word_1_117' title='bbox 402 1898 418 1935; x_wconf 84' lang='lat' dir='ltr'>a</span> <span class='ocrx_word' id='word_1_118' title='bbox 444 1881 576 1934; x_wconf 82' lang='lat' dir='ltr'>Cicerone</span> <span class='ocrx_word' id='word_1_119' title='bbox 603 1897 647 1934; x_wconf 90' lang='lat' dir='ltr'>ar-</span> 
     </span>
    </p>

    <p class='ocr_par' dir='ltr' id='par_1_3' title="bbox 223 1952 648 2018">
     <span class='ocr_line' id='line_1_25' title="bbox 223 1952 648 2018; baseline 0.002 -13"><span class='ocrx_word' id='word_1_120' title='bbox 223 1953 281 2006; x_wconf 88' lang='lat' dir='ltr'>itur</span> <span class='ocrx_word' id='word_1_121' title='bbox 298 1953 351 2006; x_wconf 88' lang='grc'>001.</span> <span class='ocrx_word' id='word_1_122' title='bbox 367 1957 409 2018; x_wconf 85' lang='grc'>23,</span> <span class='ocrx_word' id='word_1_123' title='bbox 420 1967 454 2006; x_wconf 83' lang='grc'>00.</span> <span class='ocrx_word' id='word_1_124' title='bbox 491 1953 521 2004; x_wconf 87' lang='grc'>10</span> <span class='ocrx_word' id='word_1_125' title='bbox 541 1952 648 2006; x_wconf 90' lang='lat' dir='ltr'>iudicio</span> 
     </span>
    </p>

    <p class='ocr_par' dir='ltr' id='par_1_4' title="bbox 216 2022 648 2078">
     <span class='ocr_line' id='line_1_26' title="bbox 216 2022 648 2078; baseline -0.005 0"><span class='ocrx_word' id='word_1_126' title='bbox 216 2022 648 2078; x_wconf 80' lang='lat' dir='ltr'>,Tulliustcstimoniumcoutra</span> 
     </span>
    </p>
   </div>
   <div class='ocr_carea' id='block_1_3' title="bbox 185 2095 681 2162">
    <p class='ocr_par' dir='ltr' id='par_1_5' title="bbox 185 2095 681 2162">
     <span class='ocr_line' id='line_1_27' title="bbox 185 2095 681 2162; baseline -0.004 -13"><span class='ocrx_word' id='word_1_127' title='bbox 185 2111 250 2149; x_wconf 91' lang='lat' dir='ltr'>eum</span> <span class='ocrx_word' id='word_1_128' title='bbox 277 2095 349 2148; x_wconf 82' lang='lat' dir='ltr'>dixit</span> <span class='ocrx_word' id='word_1_129' title='bbox 371 2112 425 2149; x_wconf 86' lang='lat' dir='ltr'>acc.</span> <span class='ocrx_word' id='word_1_130' title='bbox 451 2100 493 2156; x_wconf 87' lang='lat'>21,</span> <span class='ocrx_word' id='word_1_131' title='bbox 508 2109 529 2160; x_wconf 83' lang='grc'>0,</span> <span class='ocrx_word' id='word_1_132' title='bbox 561 2111 648 2162; x_wconf 80' lang='lat' dir='ltr'>quere</span> <span class='ocrx_word' id='word_1_133' title='bbox 678 2131 681 2136; x_wconf 91' lang='lat'>-</span> 
     </span>
    </p>
   </div>
   <div class='ocr_carea' id='block_1_4' title="bbox 184 2165 651 3372">
    <p class='ocr_par' dir='ltr' id='par_1_6' title="bbox 184 2165 649 2363">
     <span class='ocr_line' id='line_1_28' title="bbox 185 2165 649 2220; baseline 0 0"><span class='ocrx_word' id='word_1_134' title='bbox 185 2165 298 2220; x_wconf 79' lang='lat' dir='ltr'>Clodius</span> <span class='ocrx_word' id='word_1_135' title='bbox 316 2165 527 2220; x_wconf 88' lang='lat' dir='ltr'>inimicissimus</span> <span class='ocrx_word' id='word_1_136' title='bbox 546 2165 649 2220; x_wconf 81' lang='grc'>01100-</span> 
     </span>
     <span class='ocr_line' id='line_1_29' title="bbox 184 2236 647 2292; baseline 0 -2"><span class='ocrx_word' id='word_1_137' title='bbox 184 2240 230 2291; x_wconf 92' lang='lat' dir='ltr'>tus</span> <span class='ocrx_word' id='word_1_138' title='bbox 261 2239 312 2292; x_wconf 88' lang='lat' dir='ltr'>est.</span> <span class='ocrx_word' id='word_1_139' title='bbox 360 2239 390 2290; x_wconf 92' lang='lat' dir='ltr'>in</span> <span class='ocrx_word' id='word_1_140' title='bbox 422 2241 529 2291; x_wconf 83' lang='lat' dir='ltr'>senatu·</span> <span class='ocrx_word' id='word_1_141' title='bbox 552 2236 647 2291; x_wconf 88' lang='lat' dir='ltr'>Cicero</span> 
     </span>
     <span class='ocr_line' id='line_1_30' title="bbox 185 2307 648 2376; baseline -0.002 -14"><span class='ocrx_word' id='word_1_142' title='bbox 185 2309 341 2363; x_wconf 90' lang='lat' dir='ltr'>orationem</span> <span class='ocrx_word' id='word_1_143' title='bbox 355 2311 452 2363; x_wconf 89' lang='lat' dir='ltr'>contra</span> <span class='ocrx_word' id='word_1_144' title='bbox 467 2325 531 2362; x_wconf 90' lang='lat' dir='ltr'>eum</span> <span class='ocrx_word' id='word_1_145' title='bbox 539 2307 648 2376; x_wconf 78' lang='lat' dir='ltr'>habuit</span> 
     </span>
    </p>

    <p class='ocr_par' dir='ltr' id='par_1_7' title="bbox 185 2351 651 3371">
     <span class='ocr_line' id='line_1_31' title="bbox 186 2351 649 2448; baseline 0 -14"><span class='ocrx_word' id='word_1_146' title='bbox 186 2396 259 2448; x_wconf 89' lang='lat' dir='ltr'>quae</span> <span class='ocrx_word' id='word_1_147' title='bbox 277 2379 441 2433; x_wconf 84' lang='lat' dir='ltr'>inscribitur</span> <span class='ocrx_word' id='word_1_148' title='bbox 460 2379 502 2432; x_wconf 86' lang='lat' dir='ltr'>‘in</span> <span class='ocrx_word' id='word_1_149' title='bbox 520 2351 649 2434; x_wconf 80' lang='grc'>(1100110001</span> 
     </span>
     <span class='ocr_line' id='line_1_32' title="bbox 185 2450 647 2517; baseline -0.002 -12"><span class='ocrx_word' id='word_1_150' title='bbox 185 2454 215 2506; x_wconf 88' lang='grc'>00</span> <span class='ocrx_word' id='word_1_151' title='bbox 229 2450 386 2505; x_wconf 86' lang='lat' dir='ltr'>Curionem’</span> <span class='ocrx_word' id='word_1_152' title='bbox 402 2468 473 2505; x_wconf 77' lang='lat' dir='ltr'>com.</span> <span class='ocrx_word' id='word_1_153' title='bbox 490 2457 532 2517; x_wconf 89' lang='grc'>10,</span> <span class='ocrx_word' id='word_1_154' title='bbox 540 2465 572 2504; x_wconf 83' lang='lat' dir='ltr'>so.</span> <span class='ocrx_word' id='word_1_155' title='bbox 593 2468 647 2505; x_wconf 86' lang='lat' dir='ltr'>acc.</span> 
     </span>
     <span class='ocr_line' id='line_1_33' title="bbox 188 2520 648 2591; baseline -0.002 -15"><span class='ocrx_word' id='word_1_156' title='bbox 188 2528 247 2590; x_wconf 91' lang='grc'>120,</span> <span class='ocrx_word' id='word_1_157' title='bbox 262 2537 295 2576; x_wconf 88' lang='grc'>00.</span> <span class='ocrx_word' id='word_1_158' title='bbox 332 2522 418 2591; x_wconf 91' lang='lat' dir='ltr'>paulo</span> <span class='ocrx_word' id='word_1_159' title='bbox 443 2523 509 2590; x_wconf 88' lang='lat' dir='ltr'>post</span> <span class='ocrx_word' id='word_1_160' title='bbox 534 2520 648 2575; x_wconf 85' lang='lat' dir='ltr'>Clodius</span> 
     </span>
     <span class='ocr_line' id='line_1_34' title="bbox 186 2592 647 2662; baseline -0.007 -15"><span class='ocrx_word' id='word_1_161' title='bbox 186 2592 647 2662; x_wconf 78' lang='lat' dir='ltr'>quaestorinSiciliafuit(693l61)</span> 
     </span>
     <span class='ocr_line' id='line_1_35' title="bbox 185 2663 648 2732; baseline -0.002 -14"><span class='ocrx_word' id='word_1_162' title='bbox 185 2681 256 2718; x_wconf 80' lang='grc'>0000.</span> <span class='ocrx_word' id='word_1_163' title='bbox 267 2682 317 2718; x_wconf 85' lang='lat' dir='ltr'>om.</span> <span class='ocrx_word' id='word_1_164' title='bbox 329 2669 372 2730; x_wconf 82' lang='lat'>23,</span> <span class='ocrx_word' id='word_1_165' title='bbox 378 2679 412 2732; x_wconf 84' lang='grc'>00,</span> <span class='ocrx_word' id='word_1_166' title='bbox 429 2664 478 2718; x_wconf 91' lang='lat' dir='ltr'>sed</span> <span class='ocrx_word' id='word_1_167' title='bbox 493 2681 522 2718; x_wconf 93' lang='grc'>00</span> <span class='ocrx_word' id='word_1_168' title='bbox 537 2664 574 2717; x_wconf 91' lang='lat' dir='ltr'>ad</span> <span class='ocrx_word' id='word_1_169' title='bbox 588 2663 648 2732; x_wconf 89' lang='lat' dir='ltr'>ple-</span> 
     </span>
     <span class='ocr_line' id='line_1_36' title="bbox 185 2735 650 2790; baseline 0 -1"><span class='ocrx_word' id='word_1_170' title='bbox 185 2736 250 2790; x_wconf 88' lang='lat' dir='ltr'>bem</span> <span class='ocrx_word' id='word_1_171' title='bbox 268 2735 453 2789; x_wconf 87' lang='lat' dir='ltr'>transiturum</span> <span class='ocrx_word' id='word_1_172' title='bbox 472 2735 650 2789; x_wconf 84' lang='lat' dir='ltr'>denuntiavit</span> 
     </span>
     <span class='ocr_line' id='line_1_37' title="bbox 185 2806 650 2874; baseline -0.002 -12"><span class='ocrx_word' id='word_1_173' title='bbox 185 2824 256 2862; x_wconf 79' lang='lat' dir='ltr'>com.</span> <span class='ocrx_word' id='word_1_174' title='bbox 277 2813 319 2874; x_wconf 80' lang='lat'>23,</span> <span class='ocrx_word' id='word_1_175' title='bbox 336 2822 369 2860; x_wconf 86' lang='lat' dir='ltr'>ss.</span> <span class='ocrx_word' id='word_1_176' title='bbox 411 2806 442 2859; x_wconf 89' lang='lat' dir='ltr'>id</span> <span class='ocrx_word' id='word_1_177' title='bbox 469 2806 577 2860; x_wconf 86' lang='lat' dir='ltr'>factum</span> <span class='ocrx_word' id='word_1_178' title='bbox 606 2809 650 2861; x_wconf 89' lang='lat' dir='ltr'>est</span> 
     </span>
     <span class='ocr_line' id='line_1_38' title="bbox 186 2875 649 2948; baseline -0.006 -15"><span class='ocrx_word' id='word_1_179' title='bbox 186 2878 295 2933; x_wconf 87' lang='lat' dir='ltr'>duobus</span> <span class='ocrx_word' id='word_1_180' title='bbox 323 2878 404 2931; x_wconf 86' lang='lat' dir='ltr'>annis</span> <span class='ocrx_word' id='word_1_181' title='bbox 431 2879 498 2946; x_wconf 90' lang='lat' dir='ltr'>post</span> <span class='ocrx_word' id='word_1_182' title='bbox 523 2875 649 2948; x_wconf 76' lang='lat' dir='ltr'>(695s59).</span> 
     </span>
     <span class='ocr_line' id='line_1_39' title="bbox 186 2949 650 3004; baseline -0.002 -1"><span class='ocrx_word' id='word_1_183' title='bbox 186 2951 285 3004; x_wconf 89' lang='lat' dir='ltr'>eodem</span> <span class='ocrx_word' id='word_1_184' title='bbox 304 2965 377 3003; x_wconf 87' lang='lat' dir='ltr'>anno</span> <span class='ocrx_word' id='word_1_185' title='bbox 396 2949 498 3003; x_wconf 87' lang='lat' dir='ltr'>sororis</span> <span class='ocrx_word' id='word_1_186' title='bbox 516 2949 650 3003; x_wconf 87' lang='lat' dir='ltr'>maritum</span> 
     </span>
     <span class='ocr_line' id='line_1_40' title="bbox 187 3019 651 3086; baseline -0.002 -12"><span class='ocrx_word' id='word_1_187' title='bbox 187 3020 383 3086; x_wconf 68' lang='lat' dir='ltr'>delendum</span> <span class='ocrx_word' id='word_1_188' title='bbox 410 3019 535 3074; x_wconf 85' lang='lat' dir='ltr'>Celerem</span> <span class='ocrx_word' id='word_1_189' title='bbox 564 3021 651 3074; x_wconf 86' lang='lat' dir='ltr'>inter-</span> 
     </span>
     <span class='ocr_line' id='line_1_41' title="bbox 186 3091 649 3161; baseline 0.002 -17"><span class='ocrx_word' id='word_1_190' title='bbox 186 3091 287 3147; x_wconf 87' lang='lat' dir='ltr'>fecisse</span> <span class='ocrx_word' id='word_1_191' title='bbox 315 3091 443 3161; x_wconf 76' lang='lat' dir='ltr'>arguitur</span> <span class='ocrx_word' id='word_1_192' title='bbox 470 3108 524 3144; x_wconf 85' lang='grc'>000.</span> <span class='ocrx_word' id='word_1_193' title='bbox 550 3096 609 3158; x_wconf 90' lang='grc'>104,</span> <span class='ocrx_word' id='word_1_194' title='bbox 629 3107 649 3145; x_wconf 86' lang='lat'>1.</span> 
     </span>
     <span class='ocr_line' id='line_1_42' title="bbox 185 3162 650 3231; baseline 0 -15"><span class='ocrx_word' id='word_1_195' title='bbox 185 3163 316 3216; x_wconf 90' lang='lat' dir='ltr'>tribunus</span> <span class='ocrx_word' id='word_1_196' title='bbox 347 3162 387 3231; x_wconf 91' lang='lat' dir='ltr'>pl.</span> <span class='ocrx_word' id='word_1_197' title='bbox 411 3162 573 3216; x_wconf 90' lang='lat' dir='ltr'>consulibus</span> <span class='ocrx_word' id='word_1_198' title='bbox 596 3162 650 3216; x_wconf 85' lang='lat' dir='ltr'>Ga—</span> 
     </span>
     <span class='ocr_line' id='line_1_43' title="bbox 185 3231 650 3302; baseline 0 -15"><span class='ocrx_word' id='word_1_199' title='bbox 185 3233 264 3287; x_wconf 92' lang='lat' dir='ltr'>binio</span> <span class='ocrx_word' id='word_1_200' title='bbox 279 3235 308 3286; x_wconf 91' lang='lat' dir='ltr'>et</span> <span class='ocrx_word' id='word_1_201' title='bbox 317 3231 418 3286; x_wconf 91' lang='lat' dir='ltr'>Pisone</span> <span class='ocrx_word' id='word_1_202' title='bbox 428 3233 545 3302; x_wconf 68' lang='lat' dir='ltr'>(cesses)</span> <span class='ocrx_word' id='word_1_203' title='bbox 557 3234 650 3287; x_wconf 84' lang='lat' dir='ltr'>factus</span> 
     </span>
     <span class='ocr_line' id='line_1_44' title="bbox 187 3302 649 3372; baseline 0.002 -17"><span class='ocrx_word' id='word_1_204' title='bbox 187 3303 264 3370; x_wconf 89' lang='lat' dir='ltr'>leges</span> <span class='ocrx_word' id='word_1_205' title='bbox 274 3302 423 3370; x_wconf 86' lang='lat' dir='ltr'>populares</span> <span class='ocrx_word' id='word_1_206' title='bbox 432 3302 501 3357; x_wconf 89' lang='lat' dir='ltr'>tulit</span> <span class='ocrx_word' id='word_1_207' title='bbox 508 3305 649 3372; x_wconf 82' lang='lat' dir='ltr'>quattuor,</span> 
     </span>
    </p>
   </div>
   <div class='ocr_carea' id='block_1_5' title="bbox 189 3372 654 3438">
    <p class='ocr_par' dir='ltr' id='par_1_8' title="bbox 189 3372 654 3438">
     <span class='ocr_line' id='line_1_45' title="bbox 189 3372 654 3438; baseline 0.006 -13"><span class='ocrx_word' id='word_1_208' title='bbox 189 3372 332 3438; x_wconf 83' lang='lat' dir='ltr'>exquibus</span> <span class='ocrx_word' id='word_1_209' title='bbox 340 3375 654 3428; x_wconf 86' lang='lat' dir='ltr'>commemoranturfru·</span> 
     </span>
    </p>
   </div>
   <div class='ocr_carea' id='block_1_6' title="bbox 188 3442 650 3585">
    <p class='ocr_par' dir='ltr' id='par_1_9' title="bbox 188 3442 650 3585">
     <span class='ocr_line' id='line_1_46' title="bbox 188 3442 650 3523; baseline 0.011 -30"><span class='ocrx_word' id='word_1_210' title='bbox 188 3442 335 3508; x_wconf 85' lang='lat' dir='ltr'>mentaria,</span> <span class='ocrx_word' id='word_1_211' title='bbox 348 3444 381 3494; x_wconf 92' lang='grc'>00</span> <span class='ocrx_word' id='word_1_212' title='bbox 395 3443 520 3523; x_wconf 80' lang='lat' dir='ltr'>gratuito</span> <span class='ocrx_word' id='word_1_213' title='bbox 528 3444 650 3512; x_wconf 88' lang='lat' dir='ltr'>populus</span> 
     </span>
     <span class='ocr_line' id='line_1_47' title="bbox 189 3485 649 3585; baseline 0.015 -24"><span class='ocrx_word' id='word_1_214' title='bbox 189 3485 361 3562; x_wconf 82' lang='lat' dir='ltr'>l&#39;rumentuln</span> <span class='ocrx_word' id='word_1_215' title='bbox 390 3510 530 3579; x_wconf 89' lang='lat' dir='ltr'>acciperet</span> <span class='ocrx_word' id='word_1_216' title='bbox 556 3517 649 3585; x_wconf 79' lang='lat' dir='ltr'>(nom.</span> 
     </span>
    </p>
   </div>
   <div class='ocr_carea' id='block_1_7' title="bbox 512 153 835 210">
    <p class='ocr_par' dir='ltr' id='par_1_10' title="bbox 512 153 835 210">
     <span class='ocr_line' id='line_1_48' title="bbox 512 153 835 210; baseline 0 -2"><span class='ocrx_word' id='word_1_217' title='bbox 512 153 628 208; x_wconf 85' lang='lat' dir='ltr'>INDEX</span> <span class='ocrx_word' id='word_1_218' title='bbox 649 153 835 210; x_wconf 80' lang='lat' dir='ltr'><strong>NOMINUM</strong></span> 
     </span>
    </p>
   </div>
   <div class='ocr_carea' id='block_1_8' title="bbox 717 314 1263 2518">
    <p class='ocr_par' dir='ltr' id='par_1_11' title="bbox 717 314 1263 2518">
     <span class='ocr_line' id='line_1_49' title="bbox 720 314 1192 387; baseline 0.006 -19"><span class='ocrx_word' id='word_1_219' title='bbox 720 320 755 368; x_wconf 84' lang='grc'>98</span> <span class='ocrx_word' id='word_1_220' title='bbox 757 314 826 387; x_wconf 87' lang='grc'>,00&gt;,</span> <span class='ocrx_word' id='word_1_221' title='bbox 834 317 864 369; x_wconf 91' lang='lat' dir='ltr'>et</span> <span class='ocrx_word' id='word_1_222' title='bbox 873 331 915 381; x_wconf 86' lang='lat' dir='ltr'>ea</span> <span class='ocrx_word' id='word_1_223' title='bbox 923 332 959 370; x_wconf 90' lang='grc'>00</span> <span class='ocrx_word' id='word_1_224' title='bbox 968 314 1070 370; x_wconf 77' lang='lat' dir='ltr'>liceret</span> <span class='ocrx_word' id='word_1_225' title='bbox 1079 332 1192 371; x_wconf 76' lang='lat' dir='ltr'>censori</span> 
     </span>
     <span class='ocr_line' id='line_1_50' title="bbox 718 359 1192 456; baseline 0.004 -16"><span class='ocrx_word' id='word_1_226' title='bbox 718 387 873 455; x_wconf 85' lang='lat' dir='ltr'>praeterire</span> <span class='ocrx_word' id='word_1_227' title='bbox 891 359 1045 456; x_wconf 80' lang='lat' dir='ltr'>aliquem·</span> <span class='ocrx_word' id='word_1_228' title='bbox 1036 405 1065 440; x_wconf 87' lang='grc'>00</span> <span class='ocrx_word' id='word_1_229' title='bbox 1086 391 1192 442; x_wconf 83' lang='lat' dir='ltr'>senatu</span> 
     </span>
     <span class='ocr_line' id='line_1_51' title="bbox 718 458 1191 526; baseline 0.006 -17"><span class='ocrx_word' id='word_1_230' title='bbox 718 458 774 512; x_wconf 90' lang='grc'>0101</span> <span class='ocrx_word' id='word_1_231' title='bbox 808 474 893 526; x_wconf 92' lang='lat' dir='ltr'>quem</span> <span class='ocrx_word' id='word_1_232' title='bbox 926 458 1093 512; x_wconf 88' lang='lat' dir='ltr'>damnatum</span> <span class='ocrx_word' id='word_1_233' title='bbox 1126 475 1191 512; x_wconf 88' lang='lat' dir='ltr'>esse</span> 
     </span>
     <span class='ocr_line' id='line_1_52' title="bbox 719 528 1189 600; baseline 0.007 -19"><span class='ocrx_word' id='word_1_234' title='bbox 719 531 860 582; x_wconf 82' lang='lat' dir='ltr'>constaret</span> <span class='ocrx_word' id='word_1_235' title='bbox 876 532 910 598; x_wconf 82' lang='lat' dir='ltr'>(c.</span> <span class='ocrx_word' id='word_1_236' title='bbox 921 528 1074 582; x_wconf 83' lang='lat' dir='ltr'>Clodianus</span> <span class='ocrx_word' id='word_1_237' title='bbox 1089 535 1133 596; x_wconf 80' lang='grc'>93,</span> <span class='ocrx_word' id='word_1_238' title='bbox 1142 533 1189 600; x_wconf 87' lang='grc'>04)</span> 
     </span>
     <span class='ocr_line' id='line_1_53' title="bbox 718 599 1191 655; baseline 0.006 -3"><span class='ocrx_word' id='word_1_239' title='bbox 718 599 821 654; x_wconf 91' lang='lat' dir='ltr'>deinde</span> <span class='ocrx_word' id='word_1_240' title='bbox 835 599 954 654; x_wconf 80' lang='lat' dir='ltr'>Caesare</span> <span class='ocrx_word' id='word_1_241' title='bbox 964 599 1118 655; x_wconf 81' lang='lat' dir='ltr'>adiuvante</span> <span class='ocrx_word' id='word_1_242' title='bbox 1129 603 1191 655; x_wconf 81' lang='lat' dir='ltr'>dat.</span> 
     </span>
     <span class='ocr_line' id='line_1_54' title="bbox 718 670 1191 736; baseline 0.004 -12"><span class='ocrx_word' id='word_1_243' title='bbox 718 676 761 736; x_wconf 89' lang='grc'>89,</span> <span class='ocrx_word' id='word_1_244' title='bbox 770 685 796 726; x_wconf 81' lang='lat' dir='ltr'>se</span> <span class='ocrx_word' id='word_1_245' title='bbox 805 670 968 725; x_wconf 89' lang='lat' dir='ltr'>consulibus</span> <span class='ocrx_word' id='word_1_246' title='bbox 980 671 1191 726; x_wconf 74' lang='lat' dir='ltr'>auxiliantibus</span> 
     </span>
     <span class='ocr_line' id='line_1_55' title="bbox 718 742 1191 813; baseline 0.002 -17"><span class='ocrx_word' id='word_1_247' title='bbox 718 759 789 796; x_wconf 77' lang='lat' dir='ltr'>nom.</span> <span class='ocrx_word' id='word_1_248' title='bbox 804 747 905 809; x_wconf 80' lang='lat' dir='ltr'>11¹1,so.</span> <span class='ocrx_word' id='word_1_249' title='bbox 915 760 974 813; x_wconf 74' lang='lat' dir='ltr'>yse.</span> <span class='ocrx_word' id='word_1_250' title='bbox 987 748 1080 810; x_wconf 87' lang='grc'>148,04</span> <span class='ocrx_word' id='word_1_251' title='bbox 1092 742 1191 812; x_wconf 89' lang='lat' dir='ltr'>legem</span> 
     </span>
     <span class='ocr_line' id='line_1_56' title="bbox 717 813 1191 884; baseline 0.002 -18"><span class='ocrx_word' id='word_1_252' title='bbox 717 813 798 881; x_wconf 91' lang='lat' dir='ltr'>tulit,</span> <span class='ocrx_word' id='word_1_253' title='bbox 821 815 854 867; x_wconf 93' lang='lat' dir='ltr'>ut</span> <span class='ocrx_word' id='word_1_254' title='bbox 877 829 951 882; x_wconf 80' lang='lat' dir='ltr'>aqua</span> <span class='ocrx_word' id='word_1_255' title='bbox 971 815 1000 866; x_wconf 90' lang='lat' dir='ltr'>et</span> <span class='ocrx_word' id='word_1_256' title='bbox 1017 814 1079 884; x_wconf 84' lang='lat' dir='ltr'>igni</span> <span class='ocrx_word' id='word_1_257' title='bbox 1096 814 1191 868; x_wconf 87' lang='lat' dir='ltr'>inter-</span> 
     </span>
     <span class='ocr_line' id='line_1_57' title="bbox 718 885 1189 953; baseline 0.002 -16"><span class='ocrx_word' id='word_1_258' title='bbox 718 885 859 938; x_wconf 88' lang='lat' dir='ltr'>diceretur</span> <span class='ocrx_word' id='word_1_259' title='bbox 886 886 928 952; x_wconf 87' lang='grc'>01,</span> <span class='ocrx_word' id='word_1_260' title='bbox 956 885 1006 953; x_wconf 86' lang='lat' dir='ltr'>qui</span> <span class='ocrx_word' id='word_1_261' title='bbox 1035 885 1124 939; x_wconf 79' lang='lat' dir='ltr'>civem</span> <span class='ocrx_word' id='word_1_262' title='bbox 1155 885 1189 938; x_wconf 72' lang='lat'>12.</span> 
     </span>
     <span class='ocr_line' id='line_1_58' title="bbox 717 955 1192 1011; baseline 0.006 -3"><span class='ocrx_word' id='word_1_263' title='bbox 717 956 912 1010; x_wconf 84' lang='lat' dir='ltr'>indemnatum</span> <span class='ocrx_word' id='word_1_264' title='bbox 926 955 1084 1011; x_wconf 88' lang='lat' dir='ltr'>occidisset.</span> <span class='ocrx_word' id='word_1_265' title='bbox 1107 956 1192 1011; x_wconf 88' lang='lat' dir='ltr'>Cice-</span> 
     </span>
     <span class='ocr_line' id='line_1_59' title="bbox 717 1027 1191 1097; baseline 0.004 -17"><span class='ocrx_word' id='word_1_266' title='bbox 717 1027 789 1092; x_wconf 90' lang='lat' dir='ltr'>roni,</span> <span class='ocrx_word' id='word_1_267' title='bbox 804 1027 842 1080; x_wconf 86' lang='lat' dir='ltr'>ad</span> <span class='ocrx_word' id='word_1_268' title='bbox 856 1043 940 1096; x_wconf 86' lang='lat' dir='ltr'>quem</span> <span class='ocrx_word' id='word_1_269' title='bbox 953 1027 1000 1080; x_wconf 87' lang='lat' dir='ltr'>lex</span> <span class='ocrx_word' id='word_1_270' title='bbox 1013 1028 1191 1097; x_wconf 82' lang='lat' dir='ltr'>pertinebat,</span> 
     </span>
     <span class='ocr_line' id='line_1_60' title="bbox 719 1097 1193 1168; baseline -0.002 -15"><span class='ocrx_word' id='word_1_271' title='bbox 719 1116 784 1153; x_wconf 88' lang='lat' dir='ltr'>cum</span> <span class='ocrx_word' id='word_1_272' title='bbox 801 1097 878 1153; x_wconf 89' lang='lat' dir='ltr'>Urbe</span> <span class='ocrx_word' id='word_1_273' title='bbox 896 1099 1038 1166; x_wconf 79' lang='lat' dir='ltr'>cessisset,</span> <span class='ocrx_word' id='word_1_274' title='bbox 1063 1115 1141 1168; x_wconf 82' lang='lat' dir='ltr'>aque</span> <span class='ocrx_word' id='word_1_275' title='bbox 1160 1103 1193 1155; x_wconf 87' lang='lat' dir='ltr'>et</span> 
     </span>
     <span class='ocr_line' id='line_1_61' title="bbox 718 1170 1190 1253; baseline 0.006 -31"><span class='ocrx_word' id='word_1_276' title='bbox 718 1171 779 1240; x_wconf 85' lang='lat' dir='ltr'>igni</span> <span class='ocrx_word' id='word_1_277' title='bbox 819 1170 1001 1224; x_wconf 88' lang='lat' dir='ltr'>interdictum</span> <span class='ocrx_word' id='word_1_278' title='bbox 1044 1173 1088 1223; x_wconf 91' lang='lat' dir='ltr'>est</span> <span class='ocrx_word' id='word_1_279' title='bbox 1124 1189 1190 1253; x_wconf 74' lang='grc'>900.</span> 
     </span>
     <span class='ocr_line' id='line_1_62' title="bbox 719 1241 1193 1312; baseline 0.002 -18"><span class='ocrx_word' id='word_1_280' title='bbox 719 1247 808 1308; x_wconf 63' lang='grc' dir='ltr'>126μο</span> <span class='ocrx_word' id='word_1_281' title='bbox 829 1257 978 1295; x_wconf 76' lang='lat' dir='ltr'>crimmum</span> <span class='ocrx_word' id='word_1_282' title='bbox 989 1241 1083 1311; x_wconf 83' lang='lat' dir='ltr'>elogre</span> <span class='ocrx_word' id='word_1_283' title='bbox 1096 1242 1193 1312; x_wconf 90' lang='lat' dir='ltr'>scrip-</span> 
     </span>
     <span class='ocr_line' id='line_1_63' title="bbox 719 1283 1193 1367; baseline 0.002 -1"><span class='ocrx_word' id='word_1_284' title='bbox 719 1314 757 1366; x_wconf 89' lang='lat' dir='ltr'>sit</span> <span class='ocrx_word' id='word_1_285' title='bbox 766 1283 880 1366; x_wconf 86' lang='lat' dir='ltr'>Clodius</span> <span class='ocrx_word' id='word_1_286' title='bbox 890 1314 919 1366; x_wconf 90' lang='lat' dir='ltr'>et</span> <span class='ocrx_word' id='word_1_287' title='bbox 932 1311 1068 1366; x_wconf 86' lang='lat' dir='ltr'>tabulas</span> <span class='ocrx_word' id='word_1_288' title='bbox 1059 1330 1091 1366; x_wconf 83' lang='lat' dir='ltr'>sn</span> <span class='ocrx_word' id='word_1_289' title='bbox 1099 1315 1193 1367; x_wconf 86' lang='lat' dir='ltr'>vesti-</span> 
     </span>
     <span class='ocr_line' id='line_1_64' title="bbox 718 1383 1190 1439; baseline 0.002 -2"><span class='ocrx_word' id='word_1_290' title='bbox 718 1383 787 1437; x_wconf 88' lang='lat' dir='ltr'>bulo</span> <span class='ocrx_word' id='word_1_291' title='bbox 815 1383 914 1439; x_wconf 88' lang='lat' dir='ltr'>domus</span> <span class='ocrx_word' id='word_1_292' title='bbox 937 1399 1005 1438; x_wconf 88' lang='lat' dir='ltr'>suae</span> <span class='ocrx_word' id='word_1_293' title='bbox 1027 1385 1089 1438; x_wconf 84' lang='lat' dir='ltr'>lixit</span> <span class='ocrx_word' id='word_1_294' title='bbox 1111 1402 1190 1439; x_wconf 78' lang='lat' dir='ltr'>nom.</span> 
     </span>
     <span class='ocr_line' id='line_1_65' title="bbox 720 1454 1192 1524; baseline 0 -15"><span class='ocrx_word' id='word_1_295' title='bbox 720 1460 780 1522; x_wconf 80' lang='lat'>153,</span> <span class='ocrx_word' id='word_1_296' title='bbox 798 1470 831 1509; x_wconf 87' lang='grc'>00.</span> <span class='ocrx_word' id='word_1_297' title='bbox 880 1455 941 1524; x_wconf 90' lang='lat' dir='ltr'>ipse</span> <span class='ocrx_word' id='word_1_298' title='bbox 972 1471 1036 1509; x_wconf 86' lang='lat' dir='ltr'>vero</span> <span class='ocrx_word' id='word_1_299' title='bbox 1070 1454 1192 1509; x_wconf 87' lang='lat' dir='ltr'>Clodius</span> 
     </span>
     <span class='ocr_line' id='line_1_66' title="bbox 719 1525 1263 1594; baseline 0.004 -14"><span class='ocrx_word' id='word_1_300' title='bbox 719 1527 808 1581; x_wconf 89' lang='grc'>001000</span> <span class='ocrx_word' id='word_1_301' title='bbox 825 1525 990 1594; x_wconf 90' lang='lat' dir='ltr'>Pompeium</span> <span class='ocrx_word' id='word_1_302' title='bbox 1014 1543 1046 1580; x_wconf 90' lang='lat' dir='ltr'>eo</span> <span class='ocrx_word' id='word_1_303' title='bbox 1069 1525 1192 1580; x_wconf 84' lang='grc'>1000001-</span> <span class='ocrx_word' id='word_1_304' title='bbox 1257 1571 1263 1582; x_wconf 88' lang='grc'>.</span> 
     </span>
     <span class='ocr_line' id='line_1_67' title="bbox 718 1596 1190 1666; baseline 0 -15"><span class='ocrx_word' id='word_1_305' title='bbox 718 1598 773 1664; x_wconf 83' lang='grc'>010,</span> <span class='ocrx_word' id='word_1_306' title='bbox 800 1597 877 1665; x_wconf 86' lang='lat' dir='ltr'>quod</span> <span class='ocrx_word' id='word_1_307' title='bbox 904 1596 1066 1666; x_wconf 74' lang='lat' dir='ltr'>Tigranem.</span> <span class='ocrx_word' id='word_1_308' title='bbox 1093 1597 1190 1651; x_wconf 84' lang='lat' dir='ltr'>filium</span> 
     </span>
     <span class='ocr_line' id='line_1_68' title="bbox 718 1667 1191 1738; baseline 0 -16"><span class='ocrx_word' id='word_1_309' title='bbox 718 1669 793 1738; x_wconf 87' lang='lat' dir='ltr'>regis</span> <span class='ocrx_word' id='word_1_310' title='bbox 823 1669 974 1723; x_wconf 87' lang='lat' dir='ltr'>Armeniae</span> <span class='ocrx_word' id='word_1_311' title='bbox 1005 1686 1023 1721; x_wconf 89' lang='grc'>0</span> <span class='ocrx_word' id='word_1_312' title='bbox 1049 1667 1191 1738; x_wconf 90' lang='lat' dir='ltr'>Pompeio</span> 
     </span>
     <span class='ocr_line' id='line_1_69' title="bbox 719 1738 1192 1809; baseline 0.002 -16"><span class='ocrx_word' id='word_1_313' title='bbox 719 1742 842 1809; x_wconf 87' lang='lat' dir='ltr'>captum,</span> <span class='ocrx_word' id='word_1_314' title='bbox 861 1738 994 1793; x_wconf 85' lang='lat' dir='ltr'>liberavit</span> <span class='ocrx_word' id='word_1_315' title='bbox 1012 1739 1192 1794; x_wconf 77' lang='grc'>0001000010-</span> 
     </span>
     <span class='ocr_line' id='line_1_70' title="bbox 718 1811 1192 1880; baseline 0.004 -17"><span class='ocrx_word' id='word_1_316' title='bbox 718 1812 797 1865; x_wconf 89' lang='lat' dir='ltr'>tione</span> <span class='ocrx_word' id='word_1_317' title='bbox 824 1811 900 1864; x_wconf 88' lang='lat' dir='ltr'>inter</span> <span class='ocrx_word' id='word_1_318' title='bbox 927 1827 992 1864; x_wconf 92' lang='lat' dir='ltr'>suos</span> <span class='ocrx_word' id='word_1_319' title='bbox 1016 1812 1045 1864; x_wconf 91' lang='lat' dir='ltr'>et</span> <span class='ocrx_word' id='word_1_320' title='bbox 1066 1811 1192 1880; x_wconf 87' lang='lat' dir='ltr'>Pompe-</span> 
     </span>
     <span class='ocr_line' id='line_1_71' title="bbox 719 1881 1190 1951; baseline 0.008 -17"><span class='ocrx_word' id='word_1_321' title='bbox 719 1882 801 1936; x_wconf 87' lang='lat' dir='ltr'>ianos</span> <span class='ocrx_word' id='word_1_322' title='bbox 812 1882 889 1936; x_wconf 82' lang='lat' dir='ltr'>facta</span> <span class='ocrx_word' id='word_1_323' title='bbox 898 1881 936 1935; x_wconf 90' lang='lat' dir='ltr'>M.</span> <span class='ocrx_word' id='word_1_324' title='bbox 944 1881 1089 1951; x_wconf 86' lang='lat' dir='ltr'>Papirium</span> <span class='ocrx_word' id='word_1_325' title='bbox 1097 1881 1190 1938; x_wconf 81' lang='lat' dir='ltr'>inter-</span> 
     </span>
     <span class='ocr_line' id='line_1_72' title="bbox 719 1952 1191 2018; baseline 0.007 -13"><span class='ocrx_word' id='word_1_326' title='bbox 719 1953 790 2008; x_wconf 87' lang='lat' dir='ltr'>fecit</span> <span class='ocrx_word' id='word_1_327' title='bbox 817 1970 889 2008; x_wconf 77' lang='grc'>000.</span> <span class='ocrx_word' id='word_1_328' title='bbox 910 1959 952 2018; x_wconf 81' lang='grc'>78,</span> <span class='ocrx_word' id='word_1_329' title='bbox 967 1967 988 2007; x_wconf 85' lang='lat' dir='ltr'>s</span> <span class='ocrx_word' id='word_1_330' title='bbox 1025 1952 1115 2007; x_wconf 91' lang='lat' dir='ltr'>eiecto</span> <span class='ocrx_word' id='word_1_331' title='bbox 1143 1953 1191 2008; x_wconf 89' lang='lat' dir='ltr'>Ci-</span> 
     </span>
     <span class='ocr_line' id='line_1_73' title="bbox 720 2023 1191 2094; baseline -0.002 -16"><span class='ocrx_word' id='word_1_332' title='bbox 720 2041 820 2079; x_wconf 89' lang='lat' dir='ltr'>cerone</span> <span class='ocrx_word' id='word_1_333' title='bbox 855 2041 914 2094; x_wconf 74' lang='grc'>000</span> <span class='ocrx_word' id='word_1_334' title='bbox 944 2029 987 2092; x_wconf 82' lang='grc'>83,</span> <span class='ocrx_word' id='word_1_335' title='bbox 1007 2039 1032 2078; x_wconf 78' lang='lat' dir='ltr'>re</span> <span class='ocrx_word' id='word_1_336' title='bbox 1069 2023 1191 2078; x_wconf 82' lang='lat' dir='ltr'>Clodius</span> 
     </span>
     <span class='ocr_line' id='line_1_74' title="bbox 718 2067 1190 2179; baseline 0.004 -31"><span class='ocrx_word' id='word_1_337' title='bbox 718 2095 797 2179; x_wconf 80' lang='lat' dir='ltr'>leges</span> <span class='ocrx_word' id='word_1_338' title='bbox 823 2095 893 2148; x_wconf 88' lang='lat' dir='ltr'>tulit</span> <span class='ocrx_word' id='word_1_339' title='bbox 919 2095 955 2149; x_wconf 90' lang='lat' dir='ltr'>de</span> <span class='ocrx_word' id='word_1_340' title='bbox 980 2067 1064 2149; x_wconf 91' lang='lat' dir='ltr'>bonis</span> <span class='ocrx_word' id='word_1_341' title='bbox 1089 2094 1190 2150; x_wconf 84' lang='lat' dir='ltr'>Ptole-</span> 
     </span>
     <span class='ocr_line' id='line_1_75' title="bbox 719 2165 1191 2236; baseline 0.002 -16"><span class='ocrx_word' id='word_1_342' title='bbox 719 2167 807 2233; x_wconf 89' lang='lat' dir='ltr'>maei,</span> <span class='ocrx_word' id='word_1_343' title='bbox 819 2182 855 2220; x_wconf 92' lang='lat' dir='ltr'>re</span> <span class='ocrx_word' id='word_1_344' title='bbox 878 2166 1053 2236; x_wconf 86' lang='lat' dir='ltr'>&#39;sCypri,p</span> <span class='ocrx_word' id='word_1_345' title='bbox 1054 2165 1191 2221; x_wconf 85' lang='lat' dir='ltr'>ublican-</span> 
     </span>
     <span class='ocr_line' id='line_1_76' title="bbox 719 2185 1192 2307; baseline 0.004 -17"><span class='ocrx_word' id='word_1_346' title='bbox 719 2238 764 2292; x_wconf 89' lang='lat' dir='ltr'>dis</span> <span class='ocrx_word' id='word_1_347' title='bbox 792 2241 825 2307; x_wconf 95' lang='grc'>(0.</span> <span class='ocrx_word' id='word_1_348' title='bbox 845 2236 979 2291; x_wconf 73' lang='grc'>(1000100</span> <span class='ocrx_word' id='word_1_349' title='bbox 1002 2185 1053 2303; x_wconf 72' lang='grc' dir='ltr'>9οΡ</span> <span class='ocrx_word' id='word_1_350' title='bbox 1059 2252 1093 2291; x_wconf 83' lang='lat' dir='ltr'>so.</span> <span class='ocrx_word' id='word_1_351' title='bbox 1123 2237 1192 2292; x_wconf 92' lang='lat' dir='ltr'>Clo-</span> 
     </span>
     <span class='ocr_line' id='line_1_77' title="bbox 720 2309 1193 2378; baseline 0.002 -16"><span class='ocrx_word' id='word_1_352' title='bbox 720 2310 822 2363; x_wconf 88' lang='lat' dir='ltr'>dianus</span> <span class='ocrx_word' id='word_1_353' title='bbox 850 2313 884 2362; x_wconf 81' lang='grc'>90</span> <span class='ocrx_word' id='word_1_354' title='bbox 890 2311 939 2378; x_wconf 89' lang='grc'>,4)</span> <span class='ocrx_word' id='word_1_355' title='bbox 967 2309 1021 2362; x_wconf 84' lang='grc'>001.</span> <span class='ocrx_word' id='word_1_356' title='bbox 1043 2314 1086 2374; x_wconf 90' lang='grc'>94,</span> <span class='ocrx_word' id='word_1_357' title='bbox 1100 2325 1129 2363; x_wconf 88' lang='grc'>00</span> <span class='ocrx_word' id='word_1_358' title='bbox 1159 2311 1193 2363; x_wconf 88' lang='grc'>00</span> 
     </span>
     <span class='ocr_line' id='line_1_78' title="bbox 721 2351 1192 2448; baseline 0.002 -15"><span class='ocrx_word' id='word_1_359' title='bbox 721 2380 756 2433; x_wconf 89' lang='lat' dir='ltr'>de</span> <span class='ocrx_word' id='word_1_360' title='bbox 788 2351 917 2433; x_wconf 83' lang='grc'>0000110010</span> <span class='ocrx_word' id='word_1_361' title='bbox 945 2351 1114 2448; x_wconf 69' lang='lat' dir='ltr'>Byzantium</span> <span class='ocrx_word' id='word_1_362' title='bbox 1144 2397 1192 2434; x_wconf 89' lang='lat' dir='ltr'>re-</span> 
     </span>
     <span class='ocr_line' id='line_1_79' title="bbox 720 2452 1191 2518; baseline 0.002 -13"><span class='ocrx_word' id='word_1_363' title='bbox 720 2452 857 2505; x_wconf 89' lang='lat' dir='ltr'>ducendis</span> <span class='ocrx_word' id='word_1_364' title='bbox 875 2467 947 2505; x_wconf 81' lang='grc'>0000.</span> <span class='ocrx_word' id='word_1_365' title='bbox 963 2458 1005 2518; x_wconf 89' lang='grc'>94,</span> <span class='ocrx_word' id='word_1_366' title='bbox 1020 2466 1045 2515; x_wconf 86' lang='grc'>0,</span> <span class='ocrx_word' id='word_1_367' title='bbox 1064 2467 1191 2518; x_wconf 90' lang='lat' dir='ltr'>quarum</span> 
     </span>
    </p>
   </div>
   <div class='ocr_carea' id='block_1_9' title="bbox 719 2521 1275 2593">
    <p class='ocr_par' dir='ltr' id='par_1_12' title="bbox 719 2521 1275 2593">
     <span class='ocr_line' id='line_1_80' title="bbox 719 2521 1275 2593; baseline 0.002 -17"><span class='ocrx_word' id='word_1_368' title='bbox 719 2522 812 2592; x_wconf 84' lang='lat' dir='ltr'>priore</span> <span class='ocrx_word' id='word_1_369' title='bbox 822 2521 892 2576; x_wconf 87' lang='lat' dir='ltr'>Cato</span> <span class='ocrx_word' id='word_1_370' title='bbox 902 2525 1016 2576; x_wconf 84' lang='lat' dir='ltr'>coactus</span> <span class='ocrx_word' id='word_1_371' title='bbox 1027 2525 1070 2575; x_wconf 88' lang='lat' dir='ltr'>est</span> <span class='ocrx_word' id='word_1_372' title='bbox 1079 2521 1191 2577; x_wconf 87' lang='lat' dir='ltr'>Urbem</span> <span class='ocrx_word' id='word_1_373' title='bbox 1274 2581 1275 2593; x_wconf 57' lang='grc'>,</span> 
     </span>
    </p>
   </div>
   <div class='ocr_carea' id='block_1_10' title="bbox 718 2592 1192 2662">
    <p class='ocr_par' dir='ltr' id='par_1_13' title="bbox 718 2592 1192 2662">
     <span class='ocr_line' id='line_1_81' title="bbox 718 2592 1192 2662; baseline -0.002 -13"><span class='ocrx_word' id='word_1_374' title='bbox 718 2593 885 2662; x_wconf 89' lang='lat' dir='ltr'>relinquere.</span> <span class='ocrx_word' id='word_1_375' title='bbox 901 2594 1004 2648; x_wconf 90' lang='lat' dir='ltr'>deinde</span> <span class='ocrx_word' id='word_1_376' title='bbox 1010 2592 1127 2647; x_wconf 85' lang='lat' dir='ltr'>Vatinio</span> <span class='ocrx_word' id='word_1_377' title='bbox 1140 2611 1192 2648; x_wconf 85' lang='grc'>00-</span> 
     </span>
    </p>
   </div>
   <div class='ocr_carea' id='block_1_11' title="bbox 719 2664 1274 2720">
    <p class='ocr_par' dir='ltr' id='par_1_14' title="bbox 719 2664 1274 2720">
     <span class='ocr_line' id='line_1_82' title="bbox 719 2664 1274 2720; baseline -0.013 -1"><span class='ocrx_word' id='word_1_378' title='bbox 719 2667 817 2719; x_wconf 87' lang='grc'>000000</span> <span class='ocrx_word' id='word_1_379' title='bbox 836 2664 950 2720; x_wconf 92' lang='lat' dir='ltr'>Clodius</span> <span class='ocrx_word' id='word_1_380' title='bbox 973 2665 1135 2718; x_wconf 90' lang='lat' dir='ltr'>intercessit</span> <span class='ocrx_word' id='word_1_381' title='bbox 1159 2669 1193 2720; x_wconf 86' lang='grc'>00</span> <span class='ocrx_word' id='word_1_382' title='bbox 1273 2671 1274 2699; x_wconf 54' lang='lat' dir='ltr'>l</span> 
     </span>
    </p>
   </div>
   <div class='ocr_carea' id='block_1_12' title="bbox 720 2736 1191 3374">
    <p class='ocr_par' dir='ltr' id='par_1_15' title="bbox 720 2736 1191 3374">
     <span class='ocr_line' id='line_1_83' title="bbox 720 2736 1189 2804; baseline 0 -14"><span class='ocrx_word' id='word_1_383' title='bbox 720 2736 895 2790; x_wconf 87' lang='lat' dir='ltr'>viiudicium</span> <span class='ocrx_word' id='word_1_384' title='bbox 903 2736 1030 2790; x_wconf 86' lang='lat' dir='ltr'>turbavit</span> <span class='ocrx_word' id='word_1_385' title='bbox 1039 2753 1092 2790; x_wconf 85' lang='lat' dir='ltr'>acc.</span> <span class='ocrx_word' id='word_1_386' title='bbox 1101 2741 1189 2804; x_wconf 81' lang='lat' dir='ltr'>106,s.</span> 
     </span>
     <span class='ocr_line' id='line_1_84' title="bbox 721 2806 1191 2877; baseline -0.002 -16"><span class='ocrx_word' id='word_1_387' title='bbox 721 2814 782 2874; x_wconf 89' lang='grc'>122,</span> <span class='ocrx_word' id='word_1_388' title='bbox 795 2823 827 2862; x_wconf 79' lang='grc'>00.</span> <span class='ocrx_word' id='word_1_389' title='bbox 838 2823 872 2862; x_wconf 87' lang='lat' dir='ltr'>ss.</span> <span class='ocrx_word' id='word_1_390' title='bbox 905 2810 1005 2876; x_wconf 87' lang='lat' dir='ltr'>postea</span> <span class='ocrx_word' id='word_1_391' title='bbox 1023 2806 1110 2861; x_wconf 86' lang='lat' dir='ltr'>etiam</span> <span class='ocrx_word' id='word_1_392' title='bbox 1129 2808 1191 2877; x_wconf 88' lang='lat' dir='ltr'>ipsi</span> 
     </span>
     <span class='ocr_line' id='line_1_85' title="bbox 720 2878 1189 2948; baseline 0 -16"><span class='ocrx_word' id='word_1_393' title='bbox 720 2878 854 2948; x_wconf 91' lang='lat' dir='ltr'>Pompeio</span> <span class='ocrx_word' id='word_1_394' title='bbox 872 2878 1023 2933; x_wconf 78' lang='grc'>1001010000</span> <span class='ocrx_word' id='word_1_395' title='bbox 1046 2882 1090 2932; x_wconf 89' lang='grc'>000</span> <span class='ocrx_word' id='word_1_396' title='bbox 1111 2895 1189 2934; x_wconf 75' lang='lat' dir='ltr'>noes.</span> 
     </span>
     <span class='ocr_line' id='line_1_86' title="bbox 723 2951 1189 3018; baseline 0.002 -15"><span class='ocrx_word' id='word_1_397' title='bbox 723 2956 821 3018; x_wconf 74' lang='grc'>00400.</span> <span class='ocrx_word' id='word_1_398' title='bbox 838 2951 894 3004; x_wconf 78' lang='lat' dir='ltr'>dat.</span> <span class='ocrx_word' id='word_1_399' title='bbox 911 2956 998 3018; x_wconf 75' lang='grc'>0000.</span> <span class='ocrx_word' id='word_1_400' title='bbox 1017 2966 1071 3004; x_wconf 78' lang='lat' dir='ltr'>acc.</span> <span class='ocrx_word' id='word_1_401' title='bbox 1084 2955 1189 3016; x_wconf 65' lang='lat' dir='ltr'>reare.</span> 
     </span>
     <span class='ocr_line' id='line_1_87' title="bbox 724 3021 1190 3092; baseline -0.006 -16"><span class='ocrx_word' id='word_1_402' title='bbox 724 3027 783 3088; x_wconf 81' lang='lat'>155,</span> <span class='ocrx_word' id='word_1_403' title='bbox 800 3038 822 3076; x_wconf 92' lang='grc'>4.</span> <span class='ocrx_word' id='word_1_404' title='bbox 864 3038 938 3075; x_wconf 90' lang='lat' dir='ltr'>auno</span> <span class='ocrx_word' id='word_1_405' title='bbox 972 3024 1037 3090; x_wconf 89' lang='lat' dir='ltr'>post</span> <span class='ocrx_word' id='word_1_406' title='bbox 1064 3021 1190 3092; x_wconf 73' lang='grc'>(097107)</span> 
     </span>
     <span class='ocr_line' id='line_1_88' title="bbox 722 3091 1190 3146; baseline 0 0"><span class='ocrx_word' id='word_1_407' title='bbox 722 3093 948 3146; x_wconf 83' lang='lat' dir='ltr'>constantissime</span> <span class='ocrx_word' id='word_1_408' title='bbox 1010 3091 1190 3146; x_wconf 84' lang='lat' dir='ltr'>restitutioni</span> 
     </span>
     <span class='ocr_line' id='line_1_89' title="bbox 722 3163 1188 3218; baseline 0.002 -1"><span class='ocrx_word' id='word_1_409' title='bbox 722 3163 862 3217; x_wconf 89' lang='lat' dir='ltr'>Ciceronis</span> <span class='ocrx_word' id='word_1_410' title='bbox 887 3164 1050 3218; x_wconf 81' lang='lat' dir='ltr'>adversatus</span> <span class='ocrx_word' id='word_1_411' title='bbox 1069 3164 1112 3218; x_wconf 90' lang='lat' dir='ltr'>est</span> <span class='ocrx_word' id='word_1_412' title='bbox 1131 3165 1188 3218; x_wconf 86' lang='lat' dir='ltr'>ubl.</span> 
     </span>
     <span class='ocr_line' id='line_1_90' title="bbox 722 3233 1190 3318; baseline 0.002 -31"><span class='ocrx_word' id='word_1_413' title='bbox 722 3239 766 3301; x_wconf 89' lang='grc'>82,</span> <span class='ocrx_word' id='word_1_414' title='bbox 780 3250 813 3289; x_wconf 83' lang='grc'>04</span> <span class='ocrx_word' id='word_1_415' title='bbox 841 3235 1023 3318; x_wconf 86' lang='lat' dir='ltr'>quamobrem</span> <span class='ocrx_word' id='word_1_416' title='bbox 1045 3233 1095 3289; x_wconf 88' lang='lat' dir='ltr'>ille</span> <span class='ocrx_word' id='word_1_417' title='bbox 1121 3251 1190 3288; x_wconf 87' lang='lat' dir='ltr'>eum</span> 
     </span>
     <span class='ocr_line' id='line_1_91' title="bbox 722 3303 1191 3374; baseline 0.004 -15"><span class='ocrx_word' id='word_1_418' title='bbox 722 3305 792 3359; x_wconf 89' lang='lat' dir='ltr'>dicit</span> <span class='ocrx_word' id='word_1_419' title='bbox 780 3306 957 3374; x_wconf 91' lang='lat' dir='ltr'>t&#39;populo</span> <span class='ocrx_word' id='word_1_420' title='bbox 949 3305 1070 3359; x_wconf 84' lang='grc'>00010000</span> <span class='ocrx_word' id='word_1_421' title='bbox 1096 3303 1191 3361; x_wconf 83' lang='lat' dir='ltr'>fuisse</span> 
     </span>
    </p>
   </div>
   <div class='ocr_carea' id='block_1_13' title="bbox 721 3376 1191 3587">
    <p class='ocr_par' dir='ltr' id='par_1_16' title="bbox 722 3376 1191 3587">
     <span class='ocr_line' id='line_1_92' title="bbox 722 3376 1189 3449; baseline 0.002 -20"><span class='ocrx_word' id='word_1_422' title='bbox 722 3376 798 3448; x_wconf 79' lang='lat' dir='ltr'>(acc.</span> <span class='ocrx_word' id='word_1_423' title='bbox 814 3382 848 3430; x_wconf 88' lang='grc'>99</span> <span class='ocrx_word' id='word_1_424' title='bbox 850 3378 917 3449; x_wconf 82' lang='grc'>,24)</span> <span class='ocrx_word' id='word_1_425' title='bbox 940 3379 1043 3445; x_wconf 78' lang='lat' dir='ltr'>-etq</span> <span class='ocrx_word' id='word_1_426' title='bbox 1011 3379 1079 3445; x_wconf 88' lang='lat' dir='ltr'>tque</span> <span class='ocrx_word' id='word_1_427' title='bbox 1098 3377 1189 3430; x_wconf 83' lang='lat' dir='ltr'>etiam</span> 
     </span>
     <span class='ocr_line' id='line_1_93' title="bbox 721 3447 1191 3515; baseline 0.004 -15.089"><span class='ocrx_word' id='word_1_428' title='bbox 721 3447 894 3515; x_wconf 87' lang='lat' dir='ltr'>gladiatores</span> <span class='ocrx_word' id='word_1_429' title='bbox 926 3447 1058 3502; x_wconf 86' lang='lat' dir='ltr'>adhibuit</span> <span class='ocrx_word' id='word_1_430' title='bbox 1087 3451 1191 3502; x_wconf 74' lang='lat' dir='ltr'>contra</span> 
     </span>
     <span class='ocr_line' id='line_1_94' title="bbox 722 3518 1190 3587; baseline 0.006 -17"><span class='ocrx_word' id='word_1_431' title='bbox 722 3534 782 3584; x_wconf 90' lang='lat' dir='ltr'>eos,</span> <span class='ocrx_word' id='word_1_432' title='bbox 808 3519 857 3587; x_wconf 89' lang='lat' dir='ltr'>qui</span> <span class='ocrx_word' id='word_1_433' title='bbox 880 3518 1007 3574; x_wconf 86' lang='lat' dir='ltr'>Ciceroni</span> <span class='ocrx_word' id='word_1_434' title='bbox 1028 3519 1190 3574; x_wconf 70' lang='lat' dir='ltr'>revocando</span> 
     </span>
    </p>
   </div>
   <div class='ocr_carea' id='block_1_14' title="bbox 0 0 1299 3972">
    <p class='ocr_par' dir='ltr' id='par_1_17' title="bbox 0 0 1299 3972">
     <span class='ocr_line' id='line_1_95' title="bbox 0 0 1299 3972; baseline 0 0"><span class='ocrx_word' id='word_1_435' title='bbox 0 0 1299 3972; x_wconf 95' lang='lat' dir='ltr'> </span> 
     </span>
    </p>
   </div>
  </div>
 </body>
</html>
