2554 3978
509 232 701 292 erueras:
911 307 913 310 Ι
1038 226 1102 298 105

155 394 278 470 Neque
319 396 447 470 putavi
487 395 527 454 de
567 413 635 458 uuo
677 397 965 472 sagittariome
1001 397 1104 471 queri

87 485 291 548 convenire.
577 523 579 526 -
904 523 906 528 .
1015 503 1038 510 ·‘

155 572 203 637 De
230 575 296 648 ipso
319 571 442 635 Vatinio
466 573 589 648 sufficet,
621 592 709 648 quem
738 574 985 651 sagittarium,
1018 575 1105 648 queri

87 662 150 724 leri
174 663 329 726 armatum
355 661 514 723 subnixum
540 663 589 728 bic
617 663 763 738 appellat,
791 664 844 738 qui
869 662 1018 722 timendus
1046 681 1108 728 non,

63 751 252 825 svideretur,
276 770 343 810 cum
365 752 481 810 maiora
503 753 601 810 essent
624 751 685 810 alia
707 753 739 810 in
762 754 892 814 exercitu
916 750 946 811 0.
962 751 1106 828 Caesaris,

89 859 167 915 quae
192 841 290 918 magis
313 837 415 898 Cicero
438 841 544 900 timere
567 838 693 904 deberet.

155 927 251 987 Acta
287 947 362 987 mea
398 928 470 988 ribi
507 930 559 987 ait
591 929 797 1004 displicere.
854 928 939 998 Quis
971 926 1107 990 nescit?

88 1020 152 1093 qui
175 1018 292 1096 legem
314 1036 425 1080 meam
447 1020 662 1078 contemnat.

155 1106 256 1166 Acute
278 1108 381 1182 rapuit
404 1151 468 1181 ...‚
491 1127 551 1168 non
573 1109 609 1165 ut
631 1125 663 1166 sc
685 1110 829 1185 purgaret
850 1109 982 1183 tantum,
1005 1125 1109 1168 verum

52 1217 75 1256 rc
88 1197 185 1258 etiam
221 1198 257 1254 ut
292 1197 323 1254 in
364 1196 490 1258 eundem
526 1195 557 1256 P.
587 1196 746 1256 Vatinium
786 1198 898 1256 crimen
938 1196 1109 1256 huiusmodi

87 1287 286 1360 retorqueret.
332 1284 411 1344 Nem
434 1285 514 1360 quod
537 1287 582 1344 ait
609 1285 647 1346 ab
670 1304 704 1344 eo
727 1286 824 1363 legem
847 1304 932 1347 suam
955 1304 1018 1346 esse
1040 1304 1108 1344 con·

88 1376 226 1449 temtum,
249 1373 400 1452 signifieat
422 1393 497 1448 eum,
520 1393 597 1450 quae
619 1374 790 1436 auctoribus
814 1373 983 1436 consulibus
1006 1374 1110 1434 eodem

89 1462 235 1524 Cicerone
257 1466 288 1522 et
312 1461 342 1522 0.
355 1462 489 1523 Antonio
512 1463 549 1521 de
571 1463 686 1522 ambitu
708 1464 772 1523 lata
796 1466 840 1524 ost
862 1464 958 1524 multo
981 1464 1110 1524 severior

89 1570 183 1627 qnam
212 1553 311 1610 fuerat
337 1552 392 1610 illa
420 1549 591 1627 Calpurnia.
637 1551 898 1611 Praescribebatur
926 1555 1005 1614 enim
1031 1554 1110 1612 inter

54 1660 76 1700 u
90 1643 205 1715 cetera,
239 1659 275 1700 ne
303 1640 479 1700 candidatus
506 1643 576 1701 ants
602 1640 756 1702 biennium
784 1660 874 1717 quam
900 1643 1111 1719 magistratum

89 1731 243 1804 petiturus
271 1733 360 1803 esset,
392 1749 499 1788 munus
531 1730 643 1806 populo
672 1731 784 1805 ederet,
816 1733 938 1808 propter
965 1730 1111 1794 ambitum

90 1820 221 1893 scilicet,
257 1837 294 1878 ne
330 1819 386 1878 hoc
422 1819 488 1894 ipso
524 1820 678 1896 popularis
711 1821 827 1881 animus
860 1819 1028 1882 eblanditus
1060 1819 1111 1878 de-

90 1908 259 1986 signationi
277 1909 340 1968 eius
359 1907 570 1968 succumberet.
606 1907 758 1970 Adversus
776 1909 853 1970 hanc
872 1908 946 1968 dicit
954 1909 1112 1972 Vatinium

91 1999 211 2071 fecisse,
240 2015 308 2056 cum
334 1998 462 2056 maxime
485 1997 614 2058 ambiret
636 1997 675 2057 ad
698 1998 894 2072 optinendum
916 1997 1111 2058 tribunatum.

56 2103 79 2143 rc
157 2085 259 2146 Unus
282 2086 352 2160 leo,
374 2085 522 2147 ducenti
543 2085 721 2146 bestiarii.
1103 2090 1213 2165 ¹§lata

160 2174 238 2236 Cum
260 2173 402 2234 Vatinius
433 2175 580 2236 invidiam
612 2175 669 2236 sibi
704 2193 846 2253 magnam
883 2177 1040 2236 conflasset
1076 2176 1111 2234 de

93 2266 244 2339 apparatu
281 2264 498 2341 gladiatorum,
535 2265 729 2324 simulaverat
760 2283 791 2324 se
822 2264 979 2324 bestiarios
1011 2266 1112 2341 potius¹

91 2352 202 2416 habere
223 2371 313 2428 quam
331 2353 513 2431 gladiatores
533 2355 564 2412 et
581 2356 675 2412 unum
693 2354 891 2430 gladiatorem
907 2353 1112 2427 confitebatur,

94 2444 140 2500 cui
163 2460 275 2506 nomen
297 2440 391 2501 Leoni
413 2442 480 2500 fnit
525 2441 612 2504 Hanc
634 2444 729 2520 igitur
752 2443 915 2504 stultitiam
936 2443 975 2504 M.
996 2443 1112 2504 Tullius

58 2547 81 2590 rs
93 2531 228 2592 inridens
250 2549 356 2590 unum
378 2529 517 2590 leonem
539 2531 625 2605 dicit,
653 2532 825 2592 ducentos
848 2532 1058 2607 bestiarios,
1080 2533 1113 2592 id

94 2620 321 2693 estvenatores3
335 2621 399 2678 sine
412 2619 502 2678 dubio
512 2621 615 2680 volens
629 2620 765 2697 intellegi
779 2640 896 2679 omnem
904 2621 982 2680 hanc
990 2640 1113 2679 manum

95 2708 308 2785 gladiatoriam
344 2708 499 2770 seditionis
531 2727 621 2768 causa
657 2711 869 2785 comparatam.
923 2709 989 2768 Hoc
1021 2712 1113 2768 etiam

95 2797 209 2858 dictim
242 2797 278 2856 ds
310 2796 408 2857 Leone
436 2797 553 2858 Tullius
585 2799 670 2872 Tiro,
702 2799 827 2858 libertus
858 2798 1001 2873 eiusdem,
1033 2800 1113 2857 inter

95 2887 175 2945 iocos
200 2883 351 2945 Ciceronis
375 2886 560 2945 adnumerat.

164 3078 198 3126 14
217 3073 257 3160 er
271 3073 310 3126 ad
329 3078 370 3139 10,
386 3079 410 3126 a.

165 3257 180 3304 1
209 3249 307 3320 quaeri
331 3250 355 3306 0
471 3255 485 3302 7
514 3249 663 3320 displicere
686 3253 762 3316 codd.
784 3253 838 3309 Gir.
863 3251 1011 3321 displicere
1034 3267 1064 3306 ee
1092 3253 1116 3307 0

99 3321 247 3391 displicere
270 3321 320 3376 sed
346 3338 389 3376 mo
484 3327 499 3374 9
522 3323 571 3378 luc.
590 3323 746 3393 significavi
769 3322 952 3396 (ἐπιχείρημα
976 3326 1032 3382 ἀπὸ
1054 3329 1113 3378 τῶν

100 3396 188 3460 ἔργων
202 3399 254 3450 rod
268 3392 450 3518 brudburg?
470 3393 619 3461 aberravit,
637 3409 693 3448 non
707 3395 765 3452 Leo
830 3399 862 3450 13
882 3393 1043 3450 Ciceronem
1057 3393 1077 3448 G

100 3463 174 3520 laeta
188 3466 219 3530 0,
259 3463 396 3520 stenem
430 3465 557 3522 Rdecl
577 3472 693 3522 correcto
767 3471 799 3522 16
819 3466 1112 3532 decemtribuum.

103 3535 139 3590 Or
211 3541 244 3594 18
269 3534 452 3596 ΙΙΙΙὰΤΙΝΙΙΙΜ
516 3541 557 3590 sl
582 3535 778 3596 concessero
849 3542 882 3592 26
907 3537 1113 3592 obsecrarent

96 3605 675 3680 mesemssssmeslooscaq.
752 3645 754 3649 -
