2584 3978
453 225 519 279 nic.
538 224 552 278 1
575 231 590 292 s
610 229 724 280 se-se.
1076 225 1096 290 5

150 392 296 468 Vereor,
324 413 365 453 ne
392 395 478 454 haec
505 395 599 454 forte
628 395 785 470 cuipiam
812 395 919 454 nimis
948 397 1100 471 antiqua
1118 399 1133 459 t
1153 397 1195 448 66.

82 485 117 541 et
140 484 214 541 iam
237 482 402 543 obsoleta
424 485 625 544 rideantur.

150 571 237 647 Aput
263 572 427 632 ineruditos
454 572 567 633 iudices
591 573 725 649 exempla
744 571 780 632 de
810 575 958 633 vetustate
981 574 1100 651 prolata

81 662 183 720 minus
202 659 352 720 efficaciae
369 661 489 737 habent,
509 663 650 738 quoniam
668 661 764 721 videri
782 665 908 738 possunt
926 661 963 721 ab
983 667 1100 730 oratore

56 749 224 828 sconfingi.
273 751 339 810 Hoc
366 752 458 810 etiam
484 751 698 810 Demosthenes
726 747 807 810 κατὰ
830 745 1100 825 Ἀριττογείτονοε

81 841 115 897 in
139 839 266 898 consilio
293 839 404 900 habens
427 842 472 899 ite
494 840 583 899 dixit:
611 836 663 899 καὶ
685 835 714 898 τί
738 838 787 899 δεῖ
810 836 915 911 λέγειν
937 836 1011 914 περὶ
1033 840 1100 900 τῶν

82 925 246 999 παλαιῶν,
279 921 362 988 ἀλλὰ
385 926 461 989 τοὺ(
484 923 537 1004 ἐφ’
559 924 650 1003 ὑμῶν
678 923 786 989 αὐτῶν
814 922 1042 1000 ἀναλογίεαεθε
1070 933 1100 988 et

80 1017 210 1092 reliqua.
545 1019 548 1028 '

152 1105 185 1163 P.
210 1106 398 1166 Servilius.

40 1215 66 1254 ιο
154 1193 277 1273 Collega
307 1196 366 1254 fuit
397 1197 429 1254 in
462 1196 618 1256 consulatu
644 1193 745 1272 Appio
774 1194 898 1255 Claudio
929 1193 1100 1271 bellumque

81 1285 298 1362 gravissimum
315 1286 348 1343 in
367 1283 473 1345 Cilicia
491 1287 596 1363 gessit,
618 1286 698 1344 inter
716 1287 814 1346 cetera
833 1287 924 1344 etiam
942 1284 1101 1344 Phaselida

81 1376 114 1432 et
143 1369 307 1449 Olympum
339 1373 478 1449 subiecit3
510 1373 588 1432 unde
614 1374 702 1434 rebus
730 1374 803 1433 bene
832 1376 923 1452 gestis
951 1373 1100 1434 Isauricus

82 1463 314 1540 cognominatus
337 1466 390 1522 est.

150 1549 235 1610 Vidi
257 1552 445 1612 conlucere
468 1553 587 1612 omnia
608 1553 720 1612 furtis
743 1554 826 1612 tuis.
1119 1553 1195 1614 §58-

42 1660 67 1700 ιτ
151 1640 330 1699 Vehementi
357 1637 620 1720 παραπροεδοκίᾳ
646 1637 698 1700 καὶ
725 1637 804 1715 μετὰ
833 1639 1009 1716 μεταβολῆς
1036 1657 1101 1701 coa-

82 1729 180 1789 luccrc
203 1733 303 1789 annio
324 1731 414 1804 furtis
436 1731 519 1790 illius
542 1730 653 1790 vidisse
674 1748 705 1790 se
728 1730 813 1806 dixit,
837 1732 923 1806 quasi
941 1749 1001 1788 non
1024 1734 1102 1790 esset

83 1821 209 1877 ornatus
233 1819 305 1893 fori,
328 1819 380 1878 sed
403 1820 548 1879 confessio
570 1821 753 1895 rapinarum.

153 1906 222 1976 Qui
267 1926 302 1966 se
342 1906 560 1968 iudiciorum
601 1908 762 1968 dominos
804 1908 878 1966 dici
916 1908 1101 1983 colebant,

82 1997 212 2055 harum
235 1996 481 2072 cupiditatum
504 2015 581 2056 esse
604 2015 734 2057 servos.

41 2105 68 2144 ro
153 2079 205 2144 Ἐκ
227 2084 293 2145 τῶν
317 2080 492 2146 ἀντιθέτων
515 2105 618 2162 aspere
640 2087 786 2146 laceravit
808 2086 1011 2162 Hortensium,
1034 2105 1101 2146 cum

83 2173 174 2232 illum
205 2173 287 2233 dicat
317 2175 457 2234 habuisse
488 2177 521 2233 in
548 2176 667 2234 iudiciis
697 2175 944 2251 dominationem,
976 2175 1101 2235 eundem

82 2266 187 2321 tamen
210 2264 276 2338 pati
299 2263 448 2342 significet
465 2265 498 2323 in
515 2265 562 2324 his
583 2264 718 2323 luxuriae
737 2264 931 2342 apparatibus
951 2264 1102 2340 quandam

152 2439 203 2498 Ex
231 2443 305 2500 suis
332 2442 478 2518 templis
506 2441 629 2501 ablata
655 2443 693 2501 in
721 2442 799 2501 foro
825 2442 1098 2502 venerabantur.
1119 2443 1134 2502 t
1153 2441 1194 2490 ⁵9·

43 2548 69 2588 rs
156 2527 336 2589 Graecorum
367 2531 488 2608 quidem
520 2534 632 2590 mentes
667 2533 877 2592 cerimoniosas
915 2533 945 2591 et
980 2530 1102 2590 deorum

83 2617 365 2680 observantissimae
389 2620 528 2694 ostendit,
551 2620 698 2679 invidiam
721 2623 822 2679 tamen
843 2622 900 2680 hoc
918 2623 984 2696 ipso
998 2621 1101 2678 Verris

83 2708 270 2782 accumulat,
299 2727 356 2783 quo
379 2711 476 2788 magis
499 2709 568 2768 illos
592 2709 776 2769 miserabiles
799 2710 886 2784 facit,
914 2711 967 2786 qui
989 2709 1101 2766 Romae

84 2797 248 2856 simulacra
266 2797 388 2856 deorum
405 2801 647 2876 recognoscentes
666 2801 885 2874 venerarentur,
904 2801 946 2871 ut,
965 2798 1101 2873 quamvis

154 3008 170 3055 6
189 3001 268 3056 Dem.
289 3002 354 3058 κατ’
372 3002 427 3071 Ἀρ.
445 3003 472 3056 Π
491 3009 514 3056 7.

155 3185 170 3234 8
195 3180 272 3249 apud
294 3180 370 3235 LF.
387 3180 471 3235 Groa.
495 3182 591 3251 rapuit
611 3183 635 3238 0
724 3186 740 3234 5
765 3181 1025 3249 Ἀριετογιτονοεθ

85 3258 100 3305 θ
123 3269 180 3322 sqq.
202 3255 519 3320 καιγιδειλετεινπεριτον
591 3255 1102 3321 λεοναλλοτου(εφιμωαυτοναναλογι-

85 3321 348 3392 (αεταιθερατίωτη
361 3330 399 3378 eet
412 3341 518 3378 macor.
584 3324 662 3378 9·P·
675 3325 834 3395 inseruitO,
900 3330 932 3378 11
951 3323 1103 3378 Phaselida

85 3396 117 3466 0,
134 3395 166 3448 in
180 3411 233 3464 my.
241 3413 252 3461 ;
272 3395 337 3448 Oia
350 3401 426 3450 matu
439 3395 595 3464 priueelida
661 3401 694 3450 12
713 3395 858 3465 olnmpum
874 3397 898 3450 0
967 3400 1000 3448 14
1019 3395 1103 3448 furtis

83 3484 117 3521 ex
146 3465 227 3519 srrtis
255 3481 321 3520 corr.
344 3466 367 3520 Ο
450 3473 483 3520 15
511 3471 755 3535 παραπροεδοκιαν
784 3467 817 3534 0,
850 3484 917 3523 corr.
937 3467 968 3522 st
1022 3483 1102 3532 μετα-

83 3541 236 3606 τεεβουληε
248 3537 276 3602 0,
288 3553 355 3591 corr.
368 3536 409 3590 Gr
420 3541 487 3603 μετὰ
498 3541 627 3606 ἐπιβολῆς
637 3538 669 3594 St
734 3543 767 3592 20
781 3543 978 3593 τοναντιθετον
989 3537 1018 3604 0,
1032 3553 1100 3591 corr.

85 3610 127 3665 Gr
202 3613 236 3662 23
255 3607 382 3661 liuidinis
403 3609 426 3664 0
496 3616 528 3664 24
550 3609 623 3663 fanis
643 3609 754 3664 sublata
773 3609 848 3664 codd.
861 3610 914 3663 Cic.
