2578 3972
425 181 541 236 INDEX
561 179 769 238 NOMINUM.-

1027 184 1092 250 271

86 342 189 398 sulatu
208 343 295 412 gestis
313 359 368 398 aco.
384 348 449 410 85,6
473 343 558 397 dixit-
629 342 785 411 Hybridam
804 345 899 412 (quem
917 345 952 413 c.)
979 360 1093 398 accusa·

88 429 148 482 que
161 415 192 468 in
207 413 370 470 defensione
385 414 479 468 Sullae
494 430 558 469 cunr
629 415 670 468 vit
690 415 805 486 (695159)
824 416 877 470 obl.
893 420 975 482 34‚1s.
992 421 1092 482 120‚so.

87 486 151 539 iarn
174 486 236 538 tum
261 487 296 539 de
319 486 436 540 interitu
460 485 557 539 Catili-

86 558 236 610 nariorum
267 557 347 625 queri
379 573 432 612 acc.
466 563 512 625 15,
532 572 556 612 ιι

88 629 137 697 (cf.
165 627 333 698 Calpurnius
358 627 472 698 Bestia).
510 644 556 683 eo·

87 701 157 752 dem
181 715 255 753 anno
274 698 404 767 (lassare,
428 699 556 768 quitum
577 717 580 722 ⁴

85 773 207 839 praetor
229 773 302 837 erat,
328 770 480 824 adiuvante
498 773 555 826 dat.

87 848 135 909 96,
146 859 172 896 ιι
191 842 261 895 duas
274 841 353 912 leges
366 841 442 908 16111,
460 859 555 910 666ιιι,

86 915 124 966 61
149 911 299 982 Pompeius
330 913 430 967 absens
459 913 556 968 consul

85 985 186 1053 fieret,
205 984 337 1053 alteram,
362 987 395 1038 ut
412 983 554 1054 praesidio

86 1055 193 1110 Italiae
218 1055 327 1109 veniret
358 1055 555 1110 6661666611-

85 1126 208 1181 linarios
227 1143 297 1181 acm.
318 1132 360 1195 96,
371 1139 390 1181 6.
400 1141 433 1181 rc.
455 1129 555 1196 postea

22 1259 27 1268 ¹
87 1199 209 1271 (697157)
230 1198 327 1252 consul
352 1215 416 1252 cum
434 1198 463 1252 P.
483 1199 553 1252 Len-

86 1269 152 1324 tulo
168 1267 316 1339 Spinthere
334 1268 427 1324 factus
446 1271 499 1325 abl.
511 1276 553 1338 82,

88 1357 117 1394 ιι
140 1339 172 1394 16
194 1341 316 1411 gratiam
339 1357 402 1394 curn
421 1340 554 1396 Cicerone

87 1411 178 1465 rediit
195 1429 249 1467 occ.
266 1417 326 1478 103,
336 1427 369 1466 aa.

68 1483 103 1548 Q.
125 1482 284 1553 (Caecilius)
305 1483 437 1538 Metellus
455 1483 553 1536 Numi·

87 1555 171 1607 dicus
203 1555 233 1608 in
260 1552 376 1608 exilium
404 1557 483 1608 actus
511 1557 555 1610 661

87 1625 235 1697 (6541100),
246 1643 309 1679 cum
323 1627 353 1680 in
366 1625 459 1707 legem
473 1643 554 1696 agra-

88 1695 163 1750 riam
176 1696 280 1766 Apulei
299 1696 443 1751 Saturnini
461 1696 554 1752 iurare

86 1768 181 1822 nollet
211 1769 267 1824 dat.
298 1774 358 1836 149,
373 1784 406 1824 ιι.
426 1783 459 1823 ιι.
500 1770 553 1824 abt.

89 1845 133 1906 60,
149 1854 183 1894 rs.
216 1857 289 1894 anno
316 1843 381 1908 post
405 1839 553 1894 restitutus

89 1913 134 1965 est
154 1910 270 1992 (655199)
290 1929 343 1966 ccc.
364 1916 552 1980 156,6,16-1,6.

68 1981 103 2047 Q.
125 1980 283 2053 (Caecilius)
307 1982 438 2037 Metellus
466 1981 552 2052 (Pius)

89 2051 197 2123 Scipio,
222 2054 253 2108 P.
273 2052 394 2109 Cornelii
413 2053 552 2122 Scipionis

87 2124 210 2179 Nasicae
224 2125 307 2192 filius,
324 2125 369 2179 oui
383 2125 413 2180 P.
424 2123 553 2179 Cornelio

90 2195 216 2266 Scipioni
224 2195 362 2266 (Nasicae)
371 2212 474 2250 nornen
483 2199 552 2262 erat,

88 2268 242 2336 adoptatus
266 2284 283 2321 a
302 2266 333 2333 Q.
353 2265 475 2321 Caecilio
495 2267 553 2322 Me-

88 2338 158 2393 tello
177 2337 240 2408 Pio,
266 2337 324 2393 filio
342 2337 500 2405 Numidici,
523 2339 553 2391 in

87 2410 229 2464 familiam
261 2410 440 2465 Metellorum
476 2410 554 2464 venit

88 2497 247 2549 nomenque
266 2481 386 2536 mutavit
403 2497 475 2535 nom.
492 2487 553 2547 101,

89 2569 123 2607 aa.
143 2554 200 2608 dat.
217 2558 276 2619 101,
287 2567 320 2608 ιι.
340 2568 418 2606 socer
435 2552 552 2621 Pompei

88 2624 146 2677 fuit
162 2641 233 2679 bom.
254 2629 314 2690 101,
328 2639 362 2679 16.
390 2623 473 2677 ludos
491 2623 552 2693 gla-

89 2694 226 2750 diatorios
253 2695 283 2748 in
312 2695 447 2749 honorem
473 2694 552 2749 func-

90 2767 168 2820 brem
197 2764 227 2829 Q.
250 2766 359 2820 Metelli
385 2766 430 2820 Pii
462 2765 553 2820 edidit

89 2837 207 2910 (697157)
223 2843 469 2906 6666.66ι.101,64.
489 2855 553 2891 cum

88 2909 270 2963 consulatum·
293 2912 402 2978 peteret
425 2909 551 2981 (702152)

90 2997 154 3034 curn
172 2979 284 3034 Plautio
303 2981 434 3049 Hypsaeo
453 2983 482 3036 61
499 2980 553 3033 Mi-

89 3052 162 3120 lone,
182 3051 245 3105 aP.
260 3049 358 3106 Clodio
378 3050 491 3105 adiutus
511 3054 554 3107 est

89 3127 258 3190 aom.151,c.
277 3126 342 3192 post
355 3126 475 3178 mortem
493 3123 553 3177 eius

89 3195 203 3248 domurn
221 3195 371 3264 interregis
383 3194 485 3265 Lepidi
503 3212 553 3264 op-

89 3265 229 3336 pugnavit
256 3266 416 3334 postulans,
443 3268 476 3320 ut
503 3265 552 3320 ille

90 3335 204 3391 comitia
241 3336 400 3391 consularia
436 3337 553 3392 haberet

89 3425 159 3463 nom.
175 3413 218 3474 69,
227 3423 248 3462 ι.

72 3479 208 3548 (Caecilii)
227 3478 336 3533 Metelli
372 3485 533 3546 66.101,66.

72 3552 108 3604 Μ.
119 3550 230 3605 Caelius
246 3550 336 3604 Rufus
382 3551 552 3605 .Antonium

612 485 715 540 Caesar
731 503 755 540 c.
770 485 866 539 Iulius.

611 556 731 611 Calenus
748 557 891 612 61161166.

611 627 734 683 Gallinas
744 628 851 694 primus
861 627 1018 699 elegiacum
1032 644 1092 682 car-

628 716 693 754 men
721 700 833 769 scripsit
862 701 934 769 (ciro.
955 716 1019 756 ann.
1040 704 1092 753 700

628 787 653 824 a.
669 769 732 825 chr.
746 773 784 842 ιι.)
803 788 874 826 acm.
892 775 950 836 164,
961 787 995 827 ιι.

610 841 774 911 Calpurnia:
793 842 839 898 lex
858 859 875 896 6
895 841 922 896 O.
940 841 1091 912 Calpurnio

627 914 730 968 Pisone
756 913 869 968 consule
889 912 1005 995 (687167)
1031 914 1091 967 1616

627 985 663 1039 de
682 985 791 1039 ambitu
807 987 836 1039 61
853 1001 975 1054 pecuma
988 984 1092 1039 multa-

626 1057 716 1110 vitet
738 1058 769 1110 16
791 1058 959 1126 perpetuum
979 1057 1091 1111 honori-

626 1127 679 1181 bus
705 1144 799 1182 carere
821 1128 906 1181 iussit
929 1129 1090 1195 damnatos3

626 1201 722 1253 tamen
761 1199 907 1255 habebant
946 1199 1090 1255 licentiam

625 1270 732 1324 Rornae
747 1270 912 1325 demorandi
930 1286 1002 1326 com.
1019 1276 1061 1339 10,
1070 1287 1089 1326 ι.

626 1359 680 1396 ccc.
696 1347 762 1404 aas.
783 1341 915 1411 suppleta
934 1344 978 1395 est
991 1344 1090 1410 postea

626 1412 690 1482 lege
714 1413 808 1466 Tullia
836 1415 932 1482 (quarn
954 1416 990 1482 6.)
1017 1429 1088 1467 nom,

628 1490 687 1550 105,
698 1499 731 1538 ιι.
753 1490 812 1552 123,
822 1499 856 1539 so.
878 1488 937 1552 146,
948 1500 981 1538 ιι.

608 1555 638 1608 L.
659 1555 825 1624 Calpurnius
843 1554 941 1609 Bestia
962 1554 1090 1608 coniura-

625 1627 711 1680 tionis
736 1625 919 1681 Catilinariae
946 1626 1089 1695 particeps

625 1698 681 1751 fuit
699 1700 728 1751 61
745 1700 779 1752 tr.
792 1697 830 1767 pl.
842 1697 959 1770 (690164)
979 1698 1014 1751 (16
1029 1698 1089 1751 6166

625 1769 742 1824 interitu
757 1772 872 1838 questus
886 1771 930 1822 est
940 1786 993 1824 acc.
1007 1774 1087 1833 1666.

626 1844 724 1895 contra
738 1857 802 1894 eum
813 1839 907 1896 Oicero
922 1840 1090 1894 decertatio-

625 1929 690 1966 nem
714 1913 749 1967 de
772 1913 855 1967 rebus
883 1913 913 1965 in
941 1911 1089 1966 consulatu

625 1984 713 2053 gestis
745 1984 846 2038 habuit
878 1983 995 2055 (692162)
1033 2001 1088 2038 acc.

625 2059 691 2122 85,6
715 2057 758 2124 (cf.
779 2055 809 2120 Q.
824 2055 955 2110 Metellus
974 2053 1088 2124 Nepos).

607 2125 644 2178 M.
665 2125 853 2196 (Calpurnius)
872 2126 1003 2193 Bibulus,
1032 2125 1089 2180 col-

624 2196 690 2266 lega
704 2197 830 2252 Caesaris
846 2197 972 2270 (695159),
991 2196 1088 2252 consul

626 2269 661 2322 de
689 2269 766 2323 caelo
790 2270 925 2335 servavit,
953 2269 1021 2323 dum
1043 2269 1089 2322 lex

625 2339 742 2394 Vatinia
764 2341 800 2394 de
823 2341 941 2409 imperio
961 2337 1087 2394 Caesaris

624 2410 714 2465 fertur
732 2413 785 2466 abl.
802 2417 861 2476 116,
870 2427 895 2466 rs
914 2413 943 2464 61
961 2411 1029 2463 dum
1042 2410 1088 2464 lex

624 2482 697 2536 Iulia
715 2483 828 2551 agraria
850 2482 939 2535 fertur
957 2483 1010 2536 abl.
1027 2487 1087 2549 139,

625 2568 658 2608 rs.
690 2551 822 2606 Vatinius
846 2569 910 2606 eum
928 2553 958 2606 in
976 2552 1088 2606 vincula

625 2625 791 2690 (1661166611,
806 2625 854 2678 sed
865 2622 991 2693 collegae
1001 2624 1088 2678 inter-

624 2698 767 2750 cesserunt
783 2700 932 2761 acc.118‚e.
944 2702 1088 2764 praetcrea

623 2784 721 2821 nomen
752 2768 870 2821 occurrit
902 2783 961 2836 pen.
991 2771 1034 2832 98,
1053 2781 1086 2820 ιι.

624 2840 680 2892 dot.
692 2844 752 2906 117,
761 2853 794 2893 aa.
814 2855 868 2892 coc.
881 2843 939 2902 118,
948 2852 981 2891 ιι.
998 2843 1058 2904 124,
1066 2852 1086 2891 s.

606 2907 1087 2980 L.(Galpurnius)PisoNrugidictus

624 2982 660 3036 ob
678 2981 863 3050 probitatem
881 2979 973 3049 legem
993 2979 1027 3032 de
1044 2995 1087 3032 re-

623 3050 1086 3124 66166616(6.6,666114611666

625 3124 653 3180 Ο.
664 3123 790 3178 Graccho
808 3123 1018 3177 inimicissimus
1032 3121 1088 3175 fuit

624 3213 695 3250 com.
711 3202 753 3262 37,
764 3211 796 3250 ιι.
1150 3239 1153 3244 ,

607 3265 635 3322 0.
645 3265 832 3336 (Calpurnius)
840 3265 905 3320 Piso
913 3265 1028 3389 (Frugi),
1039 3282 1087 3336 go-

623 3355 674 3393 ner
682 3336 823 3392 Ciceronis
832 3343 990 3405 coctast
1018 3337 1087 3391 ettio

624 3412 830 3476 666666166661,
841 3409 917 3476 quod
922 3408 1086 3477 Pompeium

624 3483 653 3534 et
681 3480 828 3535 Caesarem
856 3480 1013 3534 interficere
1040 3496 1087 3533 6ο-

623 3550 722 3606 1616661
741 3552 858 3624 (695169)
877 3569 947 3606 acro.
964 3557 1024 3617 104,
1035 3567 1067 3605 ιι.
