<?xml version="1.0" encoding="UTF-8"?>
<!DOCTYPE html PUBLIC "-//W3C//DTD XHTML 1.0 Transitional//EN"
    "http://www.w3.org/TR/xhtml1/DTD/xhtml1-transitional.dtd">
<html xmlns="http://www.w3.org/1999/xhtml" xml:lang="en" lang="en">
 <head>
  <title>
</title>
<meta http-equiv="Content-Type" content="text/html;charset=utf-8" />
  <meta name='ocr-system' content='tesseract 3.04.00' />
  <meta name='ocr-capabilities' content='ocr_page ocr_carea ocr_par ocr_line ocrx_word'/>
</head>
<body>
  <div class='ocr_page' id='page_1' title='image "./scholiaincicero02hildgoog_0050.png"; bbox 0 0 2584 3978; ppageno 0'>
   <div class='ocr_carea' id='block_1_1' title="bbox 489 161 1102 218">
    <p class='ocr_par' dir='ltr' id='par_1_1' title="bbox 489 161 1102 218">
     <span class='ocr_line' id='line_1_1' title="bbox 489 161 1102 218; baseline -0.003 -1"><span class='ocrx_word' id='word_1_1' title='bbox 489 163 703 218; x_wconf 74' lang='lat' dir='ltr'>PRAEFATIO.</span> <span class='ocrx_word' id='word_1_2' title='bbox 988 161 1102 216; x_wconf 86' lang='lat' dir='ltr'>XXXIX</span> 
     </span>
    </p>
   </div>
   <div class='ocr_carea' id='block_1_2' title="bbox 86 332 1107 2614">
    <p class='ocr_par' dir='ltr' id='par_1_2' title="bbox 86 332 1104 1302">
     <span class='ocr_line' id='line_1_2' title="bbox 86 332 1101 411; baseline -0.002 -19"><span class='ocrx_word' id='word_1_3' title='bbox 86 353 165 411; x_wconf 89' lang='lat' dir='ltr'><strong>qnae</strong></span> <span class='ocrx_word' id='word_1_4' title='bbox 189 333 297 409; x_wconf 90' lang='lat' dir='ltr'><strong>quibus</strong></span> <span class='ocrx_word' id='word_1_5' title='bbox 321 335 393 393; x_wconf 87' lang='lat' dir='ltr'><strong>locis</strong></span> <span class='ocrx_word' id='word_1_6' title='bbox 421 335 579 410; x_wconf 90' lang='lat' dir='ltr'><strong>ponantur,</strong></span> <span class='ocrx_word' id='word_1_7' title='bbox 609 332 734 392; x_wconf 88' lang='lat' dir='ltr'><strong>dubium</strong></span> <span class='ocrx_word' id='word_1_8' title='bbox 760 335 897 392; x_wconf 88' lang='lat' dir='ltr'><strong>nonest.</strong></span> <span class='ocrx_word' id='word_1_9' title='bbox 943 332 1008 390; x_wconf 88' lang='lat' dir='ltr'><strong>Iam</strong></span> <span class='ocrx_word' id='word_1_10' title='bbox 1031 333 1101 390; x_wconf 91' lang='lat' dir='ltr'><strong>ulti·</strong></span> 
     </span>
     <span class='ocr_line' id='line_1_3' title="bbox 86 421 1102 501; baseline -0.002 -19"><span class='ocrx_word' id='word_1_11' title='bbox 86 425 145 482; x_wconf 86' lang='lat' dir='ltr'><strong>mis</strong></span> <span class='ocrx_word' id='word_1_12' title='bbox 178 424 384 482; x_wconf 88' lang='lat' dir='ltr'><strong>commentarii</strong></span> <span class='ocrx_word' id='word_1_13' title='bbox 420 422 539 501; x_wconf 77' lang='lat' dir='ltr'><strong>paginis</strong></span> <span class='ocrx_word' id='word_1_14' title='bbox 576 423 673 481; x_wconf 89' lang='lat' dir='ltr'><strong>oratio</strong></span> <span class='ocrx_word' id='word_1_15' title='bbox 705 421 857 481; x_wconf 71' lang='grc'><strong>1111111111</strong></span> <span class='ocrx_word' id='word_1_16' title='bbox 889 441 907 482; x_wconf 82' lang='grc'><strong>1</strong></span> <span class='ocrx_word' id='word_1_17' title='bbox 942 422 1102 481; x_wconf 75' lang='lat' dir='ltr'><strong>scholiasta</strong></span> 
     </span>
     <span class='ocr_line' id='line_1_4' title="bbox 88 510 1104 588; baseline -0.004 -17"><span class='ocrx_word' id='word_1_18' title='bbox 88 511 263 588; x_wconf 85' lang='lat' dir='ltr'><strong>explicatur.</strong></span> <span class='ocrx_word' id='word_1_19' title='bbox 308 513 440 571; x_wconf 90' lang='lat' dir='ltr'><strong>Dubium</strong></span> <span class='ocrx_word' id='word_1_20' title='bbox 468 513 594 572; x_wconf 86' lang='lat' dir='ltr'><strong>fortasse</strong></span> <span class='ocrx_word' id='word_1_21' title='bbox 622 529 685 570; x_wconf 87' lang='lat' dir='ltr'><strong>esse</strong></span> <span class='ocrx_word' id='word_1_22' title='bbox 713 513 824 587; x_wconf 89' lang='lat' dir='ltr'><strong>potest,</strong></span> <span class='ocrx_word' id='word_1_23' title='bbox 857 530 894 570; x_wconf 91' lang='lat' dir='ltr'><strong>an</strong></span> <span class='ocrx_word' id='word_1_24' title='bbox 922 511 995 569; x_wconf 85' lang='lat' dir='ltr'><strong>haee</strong></span> <span class='ocrx_word' id='word_1_25' title='bbox 1018 510 1104 568; x_wconf 90' lang='lat' dir='ltr'><strong>illam</strong></span> 
     </span>
     <span class='ocr_line' id='line_1_5' title="bbox 88 599 1101 661; baseline -0.002 -1"><span class='ocrx_word' id='word_1_26' title='bbox 88 602 123 661; x_wconf 83' lang='lat' dir='ltr'><strong>de</strong></span> <span class='ocrx_word' id='word_1_27' title='bbox 148 621 215 660; x_wconf 88' lang='lat' dir='ltr'><strong>aere</strong></span> <span class='ocrx_word' id='word_1_28' title='bbox 235 601 332 660; x_wconf 88' lang='lat' dir='ltr'><strong>alieno</strong></span> <span class='ocrx_word' id='word_1_29' title='bbox 351 601 471 660; x_wconf 84' lang='lat' dir='ltr'><strong>Milonis</strong></span> <span class='ocrx_word' id='word_1_30' title='bbox 488 600 625 659; x_wconf 88' lang='lat' dir='ltr'><strong>habitam</strong></span> <span class='ocrx_word' id='word_1_31' title='bbox 644 599 801 659; x_wconf 88' lang='lat' dir='ltr'><strong>subsecuta</strong></span> <span class='ocrx_word' id='word_1_32' title='bbox 819 599 866 658; x_wconf 87' lang='lat' dir='ltr'><strong>sit.</strong></span> <span class='ocrx_word' id='word_1_33' title='bbox 899 599 942 657; x_wconf 85' lang='lat' dir='ltr'><strong>At</strong></span> <span class='ocrx_word' id='word_1_34' title='bbox 960 603 990 658; x_wconf 89' lang='grc'><strong>11</strong></span> <span class='ocrx_word' id='word_1_35' title='bbox 1003 599 1101 658; x_wconf 89' lang='lat' dir='ltr'><strong>Maius</strong></span> 
     </span>
     <span class='ocr_line' id='line_1_6' title="bbox 88 688 1103 767; baseline -0.003 -18"><span class='ocrx_word' id='word_1_36' title='bbox 88 690 174 750; x_wconf 86' lang='lat' dir='ltr'><strong>testis</strong></span> <span class='ocrx_word' id='word_1_37' title='bbox 203 691 306 765; x_wconf 74' lang='lat' dir='ltr'><strong>oritiu,</strong></span> <span class='ocrx_word' id='word_1_38' title='bbox 339 690 390 765; x_wconf 89' lang='lat' dir='ltr'><strong>qui</strong></span> <span class='ocrx_word' id='word_1_39' title='bbox 418 692 448 748; x_wconf 91' lang='lat' dir='ltr'><strong>in</strong></span> <span class='ocrx_word' id='word_1_40' title='bbox 476 708 544 767; x_wconf 81' lang='lat' dir='ltr'><strong>pag.</strong></span> <span class='ocrx_word' id='word_1_41' title='bbox 567 691 628 747; x_wconf 91' lang='grc'><strong>121</strong></span> <span class='ocrx_word' id='word_1_42' title='bbox 654 688 902 764; x_wconf 76' lang='lat' dir='ltr'><strong>subscriptionem</strong></span> <span class='ocrx_word' id='word_1_43' title='bbox 925 688 1012 748; x_wconf 91' lang='lat' dir='ltr'><strong>hodie</strong></span> <span class='ocrx_word' id='word_1_44' title='bbox 1036 706 1103 746; x_wconf 88' lang='lat' dir='ltr'><strong>eva-</strong></span> 
     </span>
     <span class='ocr_line' id='line_1_7' title="bbox 88 777 1103 856; baseline -0.002 -18"><span class='ocrx_word' id='word_1_45' title='bbox 88 780 191 838; x_wconf 89' lang='lat' dir='ltr'><strong>nidam</strong></span> <span class='ocrx_word' id='word_1_46' title='bbox 217 780 305 856; x_wconf 82' lang='lat' dir='ltr'><strong>legit,</strong></span> <span class='ocrx_word' id='word_1_47' title='bbox 338 798 414 854; x_wconf 89' lang='lat' dir='ltr'><strong>quae</strong></span> <span class='ocrx_word' id='word_1_48' title='bbox 442 798 509 838; x_wconf 90' lang='lat' dir='ltr'><strong>cum</strong></span> <span class='ocrx_word' id='word_1_49' title='bbox 537 778 730 854; x_wconf 87' lang='lat' dir='ltr'><strong>inscriptione</strong></span> <span class='ocrx_word' id='word_1_50' title='bbox 753 777 921 836; x_wconf 84' lang='lat' dir='ltr'><strong>Archianae</strong></span> <span class='ocrx_word' id='word_1_51' title='bbox 945 778 1103 838; x_wconf 89' lang='lat' dir='ltr'><strong>coniuncta</strong></span> 
     </span>
     <span class='ocr_line' id='line_1_8' title="bbox 89 866 1103 944; baseline -0.005 -16"><span class='ocrx_word' id='word_1_52' title='bbox 89 871 163 943; x_wconf 83' lang='lat' dir='ltr'><strong>erat,</strong></span> <span class='ocrx_word' id='word_1_53' title='bbox 186 870 217 926; x_wconf 90' lang='lat' dir='ltr'><strong>et</strong></span> <span class='ocrx_word' id='word_1_54' title='bbox 238 867 387 942; x_wconf 84' lang='lat' dir='ltr'><strong>librarius,</strong></span> <span class='ocrx_word' id='word_1_55' title='bbox 411 869 463 944; x_wconf 92' lang='lat' dir='ltr'><strong>qui</strong></span> <span class='ocrx_word' id='word_1_56' title='bbox 486 870 647 942; x_wconf 87' lang='lat' dir='ltr'><strong>antequam</strong></span> <span class='ocrx_word' id='word_1_57' title='bbox 669 868 769 943; x_wconf 89' lang='lat' dir='ltr'><strong>ipsum</strong></span> <span class='ocrx_word' id='word_1_58' title='bbox 790 866 1036 926; x_wconf 86' lang='lat' dir='ltr'><strong>commentarium</strong></span> <span class='ocrx_word' id='word_1_59' title='bbox 1055 866 1103 924; x_wconf 92' lang='lat' dir='ltr'><strong>de-</strong></span> 
     </span>
     <span class='ocr_line' id='line_1_9' title="bbox 89 955 1104 1034; baseline -0.002 -18"><span class='ocrx_word' id='word_1_60' title='bbox 89 958 221 1032; x_wconf 79' lang='lat' dir='ltr'><strong>scripsit,</strong></span> <span class='ocrx_word' id='word_1_61' title='bbox 253 957 377 1015; x_wconf 89' lang='lat' dir='ltr'><strong>titulum</strong></span> <span class='ocrx_word' id='word_1_62' title='bbox 409 957 522 1034; x_wconf 80' lang='lat' dir='ltr'><strong>posuit:</strong></span> <span class='ocrx_word' id='word_1_63' title='bbox 555 975 624 1015; x_wconf 89' lang='lat' dir='ltr'><strong>cum</strong></span> <span class='ocrx_word' id='word_1_64' title='bbox 656 973 746 1032; x_wconf 87' lang='lat' dir='ltr'><strong>supra</strong></span> <span class='ocrx_word' id='word_1_65' title='bbox 777 975 845 1033; x_wconf 85' lang='lat' dir='ltr'><strong>pag.</strong></span> <span class='ocrx_word' id='word_1_66' title='bbox 867 957 928 1013; x_wconf 98' lang='grc'><strong>121</strong></span> <span class='ocrx_word' id='word_1_67' title='bbox 958 955 1005 1012; x_wconf 83' lang='lat' dir='ltr'><strong>De</strong></span> <span class='ocrx_word' id='word_1_68' title='bbox 1037 973 1104 1016; x_wconf 84' lang='lat' dir='ltr'><strong>acre</strong></span> 
     </span>
     <span class='ocr_line' id='line_1_10' title="bbox 88 1044 1104 1124; baseline -0.003 -18"><span class='ocrx_word' id='word_1_69' title='bbox 88 1047 185 1106; x_wconf 85' lang='lat' dir='ltr'><strong>alieno</strong></span> <span class='ocrx_word' id='word_1_70' title='bbox 200 1046 372 1122; x_wconf 84' lang='lat' dir='ltr'><strong>scripsisset,</strong></span> <span class='ocrx_word' id='word_1_71' title='bbox 385 1045 515 1124; x_wconf 75' lang='lat' dir='ltr'><strong>paginae</strong></span> <span class='ocrx_word' id='word_1_72' title='bbox 524 1047 587 1104; x_wconf 93' lang='grc'><strong>122</strong></span> <span class='ocrx_word' id='word_1_73' title='bbox 598 1046 724 1104; x_wconf 75' lang='lat' dir='ltr'><strong>Milonis</strong></span> <span class='ocrx_word' id='word_1_74' title='bbox 737 1044 899 1120; x_wconf 87' lang='lat' dir='ltr'><strong>inscripsit,</strong></span> <span class='ocrx_word' id='word_1_75' title='bbox 913 1048 1019 1120; x_wconf 83' lang='lat' dir='ltr'><strong>postea</strong></span> <span class='ocrx_word' id='word_1_76' title='bbox 1033 1062 1104 1103; x_wconf 88' lang='lat' dir='ltr'><strong>vero</strong></span> 
     </span>
     <span class='ocr_line' id='line_1_11' title="bbox 88 1131 1104 1194; baseline -0.004 0"><span class='ocrx_word' id='word_1_77' title='bbox 88 1154 124 1194; x_wconf 84' lang='lat' dir='ltr'><strong>ca</strong></span> <span class='ocrx_word' id='word_1_78' title='bbox 147 1133 186 1192; x_wconf 85' lang='lat' dir='ltr'><strong>ad</strong></span> <span class='ocrx_word' id='word_1_79' title='bbox 206 1134 429 1194; x_wconf 85' lang='lat' dir='ltr'><strong>describendum</strong></span> <span class='ocrx_word' id='word_1_80' title='bbox 446 1135 567 1193; x_wconf 91' lang='lat' dir='ltr'><strong>initium</strong></span> <span class='ocrx_word' id='word_1_81' title='bbox 585 1134 754 1193; x_wconf 87' lang='lat' dir='ltr'><strong>Archianae</strong></span> <span class='ocrx_word' id='word_1_82' title='bbox 772 1151 843 1192; x_wconf 88' lang='lat' dir='ltr'><strong>usus</strong></span> <span class='ocrx_word' id='word_1_83' title='bbox 863 1137 915 1192; x_wconf 88' lang='lat' dir='ltr'><strong>est.</strong></span> <span class='ocrx_word' id='word_1_84' title='bbox 951 1131 1104 1192; x_wconf 81' lang='lat' dir='ltr'><strong>Commen-</strong></span> 
     </span>
     <span class='ocr_line' id='line_1_12' title="bbox 87 1222 1048 1302; baseline -0.004 -19"><span class='ocrx_word' id='word_1_85' title='bbox 87 1224 195 1298; x_wconf 78' lang='lat' dir='ltr'><strong>tarius,</strong></span> <span class='ocrx_word' id='word_1_86' title='bbox 219 1243 307 1300; x_wconf 89' lang='lat' dir='ltr'><strong>quem</strong></span> <span class='ocrx_word' id='word_1_87' title='bbox 329 1222 480 1302; x_wconf 84' lang='lat' dir='ltr'><strong>integrum</strong></span> <span class='ocrx_word' id='word_1_88' title='bbox 502 1226 646 1296; x_wconf 89' lang='lat' dir='ltr'><strong>tenemus,</strong></span> <span class='ocrx_word' id='word_1_89' title='bbox 666 1222 742 1280; x_wconf 89' lang='lat' dir='ltr'>VIII</span> <span class='ocrx_word' id='word_1_90' title='bbox 765 1224 890 1298; x_wconf 82' lang='lat' dir='ltr'><strong>paginas</strong></span> <span class='ocrx_word' id='word_1_91' title='bbox 914 1226 1048 1298; x_wconf 90' lang='lat' dir='ltr'><strong>occupat.</strong></span> 
     </span>
    </p>

    <p class='ocr_par' dir='ltr' id='par_1_3' title="bbox 87 1310 1106 2112">
     <span class='ocr_line' id='line_1_13' title="bbox 155 1310 1103 1389; baseline -0.001 -19"><span class='ocrx_word' id='word_1_92' title='bbox 155 1312 212 1370; x_wconf 92' lang='lat' dir='ltr'><strong>His</strong></span> <span class='ocrx_word' id='word_1_93' title='bbox 239 1313 401 1389; x_wconf 85' lang='lat' dir='ltr'><strong>exploratis</strong></span> <span class='ocrx_word' id='word_1_94' title='bbox 429 1313 465 1372; x_wconf 90' lang='lat' dir='ltr'><strong>de</strong></span> <span class='ocrx_word' id='word_1_95' title='bbox 488 1312 605 1371; x_wconf 87' lang='lat' dir='ltr'><strong>ambitu</strong></span> <span class='ocrx_word' id='word_1_96' title='bbox 627 1312 722 1370; x_wconf 91' lang='lat' dir='ltr'><strong>totius</strong></span> <span class='ocrx_word' id='word_1_97' title='bbox 746 1313 844 1386; x_wconf 84' lang='lat' dir='ltr'><strong>operis</strong></span> <span class='ocrx_word' id='word_1_98' title='bbox 871 1312 928 1369; x_wconf 93' lang='lat' dir='ltr'><strong>hoc</strong></span> <span class='ocrx_word' id='word_1_99' title='bbox 955 1310 1015 1369; x_wconf 88' lang='lat' dir='ltr'><strong>dici</strong></span> <span class='ocrx_word' id='word_1_100' title='bbox 1038 1314 1103 1386; x_wconf 80' lang='lat' dir='ltr'><strong>pot</strong></span> 
     </span>
     <span class='ocr_line' id='line_1_14' title="bbox 88 1399 1104 1475; baseline -0.003 -14"><span class='ocrx_word' id='word_1_101' title='bbox 88 1407 146 1462; x_wconf 89' lang='lat' dir='ltr'><strong>est:</strong></span> <span class='ocrx_word' id='word_1_102' title='bbox 178 1401 428 1461; x_wconf 86' lang='lat' dir='ltr'><strong>verisimillimum</strong></span> <span class='ocrx_word' id='word_1_103' title='bbox 459 1404 504 1461; x_wconf 89' lang='lat' dir='ltr'><strong>est</strong></span> <span class='ocrx_word' id='word_1_104' title='bbox 536 1401 667 1460; x_wconf 86' lang='lat' dir='ltr'><strong>codicem</strong></span> <span class='ocrx_word' id='word_1_105' title='bbox 698 1399 889 1475; x_wconf 86' lang='lat' dir='ltr'><strong>Bobieneem‚</strong></span> <span class='ocrx_word' id='word_1_106' title='bbox 924 1401 1008 1459; x_wconf 90' lang='lat' dir='ltr'><strong>cuius</strong></span> <span class='ocrx_word' id='word_1_107' title='bbox 1035 1400 1104 1458; x_wconf 88' lang='lat' dir='ltr'><strong>reli·</strong></span> 
     </span>
     <span class='ocr_line' id='line_1_15' title="bbox 89 1488 1105 1566; baseline -0.004 -16"><span class='ocrx_word' id='word_1_108' title='bbox 89 1492 178 1566; x_wconf 88' lang='lat' dir='ltr'><strong>quiae</strong></span> <span class='ocrx_word' id='word_1_109' title='bbox 201 1491 287 1550; x_wconf 90' lang='lat' dir='ltr'><strong>nobis</strong></span> <span class='ocrx_word' id='word_1_110' title='bbox 310 1494 445 1550; x_wconf 84' lang='lat' dir='ltr'><strong>servatae</strong></span> <span class='ocrx_word' id='word_1_111' title='bbox 469 1493 549 1564; x_wconf 90' lang='lat' dir='ltr'><strong>sunt,</strong></span> <span class='ocrx_word' id='word_1_112' title='bbox 571 1488 700 1547; x_wconf 86' lang='lat' dir='ltr'>LXXIII</span> <span class='ocrx_word' id='word_1_113' title='bbox 723 1489 932 1564; x_wconf 89' lang='lat' dir='ltr'><strong>quaterniones</strong></span> <span class='ocrx_word' id='word_1_114' title='bbox 955 1488 1105 1562; x_wconf 88' lang='lat' dir='ltr'><strong>habuisse,</strong></span> 
     </span>
     <span class='ocr_line' id='line_1_16' title="bbox 89 1577 1105 1657; baseline -0.004 -17"><span class='ocrx_word' id='word_1_115' title='bbox 89 1600 104 1640; x_wconf 98' lang='lat' dir='ltr'><strong>e</strong></span> <span class='ocrx_word' id='word_1_116' title='bbox 129 1579 238 1656; x_wconf 93' lang='lat' dir='ltr'><strong>quibus</strong></span> <span class='ocrx_word' id='word_1_117' title='bbox 265 1582 381 1639; x_wconf 81' lang='lat' dir='ltr'><strong>restant</strong></span> <span class='ocrx_word' id='word_1_118' title='bbox 407 1579 535 1657; x_wconf 85' lang='lat' dir='ltr'><strong>paginae</strong></span> <span class='ocrx_word' id='word_1_119' title='bbox 559 1577 682 1652; x_wconf 84' lang='lat' dir='ltr'>(lGIIII;</span> <span class='ocrx_word' id='word_1_120' title='bbox 719 1580 870 1637; x_wconf 88' lang='lat' dir='ltr'><strong>intereas</strong></span> <span class='ocrx_word' id='word_1_121' title='bbox 895 1577 1105 1653; x_wconf 83' lang='lat' dir='ltr'><strong>quaterniones</strong></span> 
     </span>
     <span class='ocr_line' id='line_1_17' title="bbox 87 1667 1106 1746; baseline -0.004 -18"><span class='ocrx_word' id='word_1_122' title='bbox 87 1669 200 1746; x_wconf 84' lang='lat' dir='ltr'><strong>integri</strong></span> <span class='ocrx_word' id='word_1_123' title='bbox 222 1667 286 1726; x_wconf 91' lang='lat' dir='ltr'>IIII</span> <span class='ocrx_word' id='word_1_124' title='bbox 313 1670 484 1745; x_wconf 86' lang='lat' dir='ltr'><strong>supersunt,</strong></span> <span class='ocrx_word' id='word_1_125' title='bbox 515 1687 593 1727; x_wconf 93' lang='lat' dir='ltr'><strong>unus</strong></span> <span class='ocrx_word' id='word_1_126' title='bbox 625 1672 779 1742; x_wconf 88' lang='lat' dir='ltr'><strong>praeterea</strong></span> <span class='ocrx_word' id='word_1_127' title='bbox 811 1686 846 1726; x_wconf 83' lang='lat' dir='ltr'><strong>ex</strong></span> <span class='ocrx_word' id='word_1_128' title='bbox 873 1670 958 1742; x_wconf 88' lang='lat' dir='ltr'><strong>parte</strong></span> <span class='ocrx_word' id='word_1_129' title='bbox 986 1669 1106 1725; x_wconf 89' lang='lat' dir='ltr'><strong>tantum</strong></span> 
     </span>
     <span class='ocr_line' id='line_1_18' title="bbox 88 1749 1105 1839; baseline -0.003 -23"><span class='ocrx_word' id='word_1_130' title='bbox 88 1757 254 1834; x_wconf 87' lang='lat' dir='ltr'><strong>descriptus</strong></span> <span class='ocrx_word' id='word_1_131' title='bbox 283 1749 449 1839; x_wconf 81' lang='lat' dir='ltr'><strong>(ultimus):</strong></span> <span class='ocrx_word' id='word_1_132' title='bbox 472 1759 574 1832; x_wconf 87' lang='lat' dir='ltr'><strong>itaque</strong></span> <span class='ocrx_word' id='word_1_133' title='bbox 606 1776 643 1816; x_wconf 91' lang='lat' dir='ltr'><strong>ne</strong></span> <span class='ocrx_word' id='word_1_134' title='bbox 675 1757 814 1832; x_wconf 84' lang='lat' dir='ltr'><strong>quintam</strong></span> <span class='ocrx_word' id='word_1_135' title='bbox 842 1756 961 1831; x_wconf 86' lang='lat' dir='ltr'><strong>quidem</strong></span> <span class='ocrx_word' id='word_1_136' title='bbox 988 1756 1105 1831; x_wconf 86' lang='lat' dir='ltr'><strong>partem</strong></span> 
     </span>
     <span class='ocr_line' id='line_1_19' title="bbox 88 1844 1106 1920; baseline -0.004 -14"><span class='ocrx_word' id='word_1_137' title='bbox 88 1847 271 1906; x_wconf 90' lang='lat' dir='ltr'><strong>scholiorum</strong></span> <span class='ocrx_word' id='word_1_138' title='bbox 293 1849 436 1906; x_wconf 90' lang='lat' dir='ltr'><strong>tenemus.</strong></span> <span class='ocrx_word' id='word_1_139' title='bbox 482 1846 547 1906; x_wconf 89' lang='lat' dir='ltr'><strong>Hac</strong></span> <span class='ocrx_word' id='word_1_140' title='bbox 571 1845 606 1903; x_wconf 90' lang='lat' dir='ltr'><strong>de</strong></span> <span class='ocrx_word' id='word_1_141' title='bbox 634 1863 726 1904; x_wconf 80' lang='lat' dir='ltr'><strong>causa</strong></span> <span class='ocrx_word' id='word_1_142' title='bbox 748 1844 822 1903; x_wconf 92' lang='lat' dir='ltr'><strong>mihi</strong></span> <span class='ocrx_word' id='word_1_143' title='bbox 845 1844 1022 1920; x_wconf 89' lang='lat' dir='ltr'><strong>persuadere</strong></span> <span class='ocrx_word' id='word_1_144' title='bbox 1046 1862 1106 1902; x_wconf 93' lang='lat' dir='ltr'><strong>non</strong></span> 
     </span>
     <span class='ocr_line' id='line_1_20' title="bbox 87 1932 1106 2013; baseline -0.004 -19"><span class='ocrx_word' id='word_1_145' title='bbox 87 1954 212 2013; x_wconf 90' lang='lat' dir='ltr'><strong>possum</strong></span> <span class='ocrx_word' id='word_1_146' title='bbox 244 1937 320 2010; x_wconf 86' lang='lat' dir='ltr'><strong>fore,</strong></span> <span class='ocrx_word' id='word_1_147' title='bbox 352 1938 387 1994; x_wconf 93' lang='lat' dir='ltr'><strong>ut</strong></span> <span class='ocrx_word' id='word_1_148' title='bbox 419 1935 538 1995; x_wconf 87' lang='lat' dir='ltr'><strong>etiamsi</strong></span> <span class='ocrx_word' id='word_1_149' title='bbox 565 1934 657 1994; x_wconf 87' lang='lat' dir='ltr'><strong>tertia</strong></span> <span class='ocrx_word' id='word_1_150' title='bbox 683 1953 753 2010; x_wconf 85' lang='lat' dir='ltr'><strong>pers</strong></span> <span class='ocrx_word' id='word_1_151' title='bbox 782 1933 891 1993; x_wconf 90' lang='lat' dir='ltr'><strong>codicis</strong></span> <span class='ocrx_word' id='word_1_152' title='bbox 913 1937 1033 2009; x_wconf 87' lang='lat' dir='ltr'><strong>reperta</strong></span> <span class='ocrx_word' id='word_1_153' title='bbox 1057 1932 1106 2007; x_wconf 88' lang='lat' dir='ltr'><strong>sit,</strong></span> 
     </span>
     <span class='ocr_line' id='line_1_21' title="bbox 87 2015 851 2112; baseline -0.005 -28"><span class='ocrx_word' id='word_1_154' title='bbox 87 2024 270 2084; x_wconf 87' lang='lat' dir='ltr'><strong>scholiorum</strong></span> <span class='ocrx_word' id='word_1_155' title='bbox 292 2025 410 2112; x_wconf 79' lang='lat' dir='ltr'><strong>reliqua</strong></span> <span class='ocrx_word' id='word_1_156' title='bbox 433 2043 503 2101; x_wconf 85' lang='lat' dir='ltr'><strong>pars</strong></span> <span class='ocrx_word' id='word_1_157' title='bbox 525 2024 556 2082; x_wconf 93' lang='lat' dir='ltr'><strong>in</strong></span> <span class='ocrx_word' id='word_1_158' title='bbox 579 2025 634 2082; x_wconf 89' lang='lat' dir='ltr'><strong>illa</strong></span> <span class='ocrx_word' id='word_1_159' title='bbox 658 2015 851 2104; x_wconf 71' lang='lat' dir='ltr'><strong>detegaturl)</strong></span> 
     </span>
    </p>

    <p class='ocr_par' dir='ltr' id='par_1_4' title="bbox 87 2111 1107 2283">
     <span class='ocr_line' id='line_1_22' title="bbox 154 2111 1107 2172; baseline -0.003 -1"><span class='ocrx_word' id='word_1_160' title='bbox 154 2113 243 2172; x_wconf 88' lang='lat' dir='ltr'><strong>Nunc</strong></span> <span class='ocrx_word' id='word_1_161' title='bbox 266 2113 401 2172; x_wconf 86' lang='lat' dir='ltr'><strong>ordinem</strong></span> <span class='ocrx_word' id='word_1_162' title='bbox 422 2114 565 2172; x_wconf 85' lang='lat' dir='ltr'><strong>foliorum</strong></span> <span class='ocrx_word' id='word_1_163' title='bbox 586 2113 632 2170; x_wconf 85' lang='lat' dir='ltr'><strong>hie</strong></span> <span class='ocrx_word' id='word_1_164' title='bbox 651 2111 931 2171; x_wconf 87' lang='lat' dir='ltr'><strong>ratiocinationibus</strong></span> <span class='ocrx_word' id='word_1_165' title='bbox 949 2112 1107 2169; x_wconf 85' lang='lat' dir='ltr'><strong>inventum</strong></span> 
     </span>
     <span class='ocr_line' id='line_1_23' title="bbox 87 2194 283 2283; baseline -0.01 -21"><span class='ocrx_word' id='word_1_166' title='bbox 87 2194 283 2283; x_wconf 79' lang='lat' dir='ltr'><strong>enarrabo²):</strong></span> 
     </span>
    </p>

    <p class='ocr_par' dir='ltr' id='par_1_5' title="bbox 154 2290 640 2362">
     <span class='ocr_line' id='line_1_24' title="bbox 154 2290 640 2362; baseline 0.002 -14"><span class='ocrx_word' id='word_1_167' title='bbox 154 2290 347 2350; x_wconf 86' lang='lat' dir='ltr'><strong>Ambrosiani</strong></span> <span class='ocrx_word' id='word_1_168' title='bbox 370 2292 422 2350; x_wconf 85' lang='lat'><strong>45.</strong></span> <span class='ocrx_word' id='word_1_169' title='bbox 451 2291 574 2362; x_wconf 48' lang='lat'><strong>4635.</strong></span> <span class='ocrx_word' id='word_1_170' title='bbox 600 2292 640 2349; x_wconf 88' lang='grc'><strong>36</strong></span> 
     </span>
    </p>

    <p class='ocr_par' dir='ltr' id='par_1_6' title="bbox 345 2309 1107 2614">
     <span class='ocr_line' id='line_1_25' title="bbox 345 2309 1107 2614; baseline -0.003 -122"><span class='ocrx_word' id='word_1_171' title='bbox 345 2309 840 2614; x_wconf 39' lang='grc'><strong>1111131111.</strong></span> <span class='ocrx_word' id='word_1_172' title='bbox 886 2431 944 2490; x_wconf 60' lang='lat' dir='ltr'><strong>a</strong></span> <span class='ocrx_word' id='word_1_173' title='bbox 976 2430 1059 2490; x_wconf 56' lang='lat' dir='ltr'><strong>aa</strong></span> <span class='ocrx_word' id='word_1_174' title='bbox 1082 2429 1107 2490; x_wconf 75' lang='lat'><strong>1.</strong></span> 
     </span>
    </p>
   </div>
   <div class='ocr_carea' id='block_1_3' title="bbox 155 2559 1106 2904">
    <p class='ocr_par' dir='ltr' id='par_1_7' title="bbox 375 2559 641 2628">
     <span class='ocr_line' id='line_1_26' title="bbox 375 2559 641 2628; baseline -0.004 -12"><span class='ocrx_word' id='word_1_175' title='bbox 375 2560 427 2617; x_wconf 81' lang='lat'><strong>43.</strong></span> <span class='ocrx_word' id='word_1_176' title='bbox 451 2559 573 2628; x_wconf 61' lang='lat'><strong>44„37.</strong></span> <span class='ocrx_word' id='word_1_177' title='bbox 600 2559 641 2616; x_wconf 84' lang='lat'><strong>38</strong></span> 
     </span>
    </p>

    <p class='ocr_par' dir='ltr' id='par_1_8' title="bbox 155 2656 1106 2904">
     <span class='ocr_line' id='line_1_27' title="bbox 155 2656 597 2726; baseline -0.005 -10"><span class='ocrx_word' id='word_1_178' title='bbox 155 2656 348 2719; x_wconf 86' lang='lat' dir='ltr'><strong>Ambrosiani</strong></span> <span class='ocrx_word' id='word_1_179' title='bbox 377 2657 405 2715; x_wconf 82' lang='lat'><strong>5.</strong></span> <span class='ocrx_word' id='word_1_180' title='bbox 431 2657 530 2726; x_wconf 34' lang='lat'>6⁹11.</span> <span class='ocrx_word' id='word_1_181' title='bbox 557 2657 597 2714; x_wconf 93' lang='grc'><strong>12</strong></span> 
     </span>
     <span class='ocr_line' id='line_1_28' title="bbox 378 2739 1106 2815; baseline -0.007 -12"><span class='ocrx_word' id='word_1_182' title='bbox 378 2746 405 2805; x_wconf 89' lang='grc'><strong>3,</strong></span> <span class='ocrx_word' id='word_1_183' title='bbox 431 2746 530 2815; x_wconf 55' lang='grc'><strong>4,,13.</strong></span> <span class='ocrx_word' id='word_1_184' title='bbox 556 2745 597 2803; x_wconf 87' lang='grc'><strong>14</strong></span> <span class='ocrx_word' id='word_1_185' title='bbox 655 2743 824 2813; x_wconf 61' lang='grc'><strong>(111111-</strong></span> <span class='ocrx_word' id='word_1_186' title='bbox 842 2747 869 2801; x_wconf 92' lang='lat'><strong>1.</strong></span> <span class='ocrx_word' id='word_1_187' title='bbox 894 2741 952 2799; x_wconf 90' lang='lat' dir='ltr'><strong>Pro</strong></span> <span class='ocrx_word' id='word_1_188' title='bbox 968 2739 1053 2799; x_wconf 83' lang='lat' dir='ltr'><strong>Sulla</strong></span> <span class='ocrx_word' id='word_1_189' title='bbox 1067 2739 1106 2798; x_wconf 91' lang='lat' dir='ltr'><strong>H.</strong></span> 
     </span>
     <span class='ocr_line' id='line_1_29' title="bbox 378 2827 1106 2904; baseline -0.008 -12"><span class='ocrx_word' id='word_1_190' title='bbox 378 2837 405 2892; x_wconf 91' lang='lat'><strong>1.</strong></span> <span class='ocrx_word' id='word_1_191' title='bbox 431 2834 530 2904; x_wconf 60' lang='grc'><strong>2,,15,</strong></span> <span class='ocrx_word' id='word_1_192' title='bbox 556 2836 595 2892; x_wconf 89' lang='grc'><strong>16</strong></span> <span class='ocrx_word' id='word_1_193' title='bbox 653 2832 690 2890; x_wconf 85' lang='grc'><strong>11</strong></span> <span class='ocrx_word' id='word_1_194' title='bbox 719 2831 856 2891; x_wconf 74' lang='lat' dir='ltr'><strong>Clodium</strong></span> <span class='ocrx_word' id='word_1_195' title='bbox 884 2834 913 2888; x_wconf 87' lang='lat' dir='ltr'><strong>et</strong></span> <span class='ocrx_word' id='word_1_196' title='bbox 939 2827 1106 2889; x_wconf 79' lang='lat' dir='ltr'><strong>(lurionem.</strong></span> 
     </span>
    </p>
   </div>
   <div class='ocr_carea' id='block_1_4' title="bbox 155 3020 1019 3177">
    <p class='ocr_par' dir='ltr' id='par_1_9' title="bbox 155 3020 1019 3177">
     <span class='ocr_line' id='line_1_30' title="bbox 155 3020 643 3090; baseline -0.002 -11"><span class='ocrx_word' id='word_1_197' title='bbox 155 3020 350 3080; x_wconf 83' lang='lat' dir='ltr'><strong>Ambrosiam</strong></span> <span class='ocrx_word' id='word_1_198' title='bbox 377 3022 427 3079; x_wconf 80' lang='lat'><strong>49.</strong></span> <span class='ocrx_word' id='word_1_199' title='bbox 453 3021 575 3090; x_wconf 57' lang='lat'>50„51.</span> <span class='ocrx_word' id='word_1_200' title='bbox 603 3020 643 3078; x_wconf 85' lang='grc'><strong>52</strong></span> 
     </span>
     <span class='ocr_line' id='line_1_31' title="bbox 392 3104 1019 3177; baseline -0.002 -12"><span class='ocrx_word' id='word_1_201' title='bbox 392 3139 404 3150; x_wconf 86' lang='grc'><em>·</em></span> <span class='ocrx_word' id='word_1_202' title='bbox 462 3139 474 3150; x_wconf 92' lang='grc'>-</span> <span class='ocrx_word' id='word_1_203' title='bbox 777 3107 864 3177; x_wconf 81' lang='lat' dir='ltr'><strong>Quat.</strong></span> <span class='ocrx_word' id='word_1_204' title='bbox 884 3104 1019 3164; x_wconf 89' lang='lat' dir='ltr'>XLVIII.</span> 
     </span>
    </p>
   </div>
   <div class='ocr_carea' id='block_1_5' title="bbox 392 3163 1078 3273">
    <p class='ocr_par' dir='ltr' id='par_1_10' title="bbox 392 3163 1078 3273">
     <span class='ocr_line' id='line_1_32' title="bbox 392 3163 1078 3273; baseline 0.007 -25"><span class='ocrx_word' id='word_1_205' title='bbox 392 3228 404 3239; x_wconf 94' lang='lat'><em>-</em></span> <span class='ocrx_word' id='word_1_206' title='bbox 462 3163 559 3268; x_wconf 50' lang='grc' dir='ltr'><strong>ἰ·</strong></span> <span class='ocrx_word' id='word_1_207' title='bbox 622 3229 634 3239; x_wconf 93' lang='grc'>-</span> <span class='ocrx_word' id='word_1_208' title='bbox 709 3197 755 3255; x_wconf 90' lang='lat' dir='ltr'><strong>De</strong></span> <span class='ocrx_word' id='word_1_209' title='bbox 777 3215 845 3273; x_wconf 86' lang='lat' dir='ltr'><strong>rege</strong></span> <span class='ocrx_word' id='word_1_210' title='bbox 869 3194 1078 3254; x_wconf 82' lang='lat' dir='ltr'><strong>Alexandrino.</strong></span> 
     </span>
    </p>
   </div>
   <div class='ocr_carea' id='block_1_6' title="bbox 85 3356 303 3364">
    <p class='ocr_par' dir='ltr' id='par_1_11' title="bbox 85 3356 303 3364">
     <span class='ocr_line' id='line_1_33' title="bbox 85 3356 303 3364; baseline -0.009 0"><span class='ocrx_word' id='word_1_211' title='bbox 85 3356 303 3364; x_wconf 87' lang='lat'><strong>—....-———</strong></span> 
     </span>
    </p>
   </div>
   <div class='ocr_carea' id='block_1_7' title="bbox 86 3403 1108 3613">
    <p class='ocr_par' dir='ltr' id='par_1_12' title="bbox 86 3403 1108 3613">
     <span class='ocr_line' id='line_1_34' title="bbox 158 3403 1108 3546; baseline -0.004 -18"><span class='ocrx_word' id='word_1_212' title='bbox 158 3406 188 3546; x_wconf 55' lang='lat' dir='ltr'><strong>{I</strong></span> <span class='ocrx_word' id='word_1_213' title='bbox 205 3403 243 3529; x_wconf 63' lang='lat' dir='ltr'><strong>Ib</strong></span> <span class='ocrx_word' id='word_1_214' title='bbox 261 3404 357 3530; x_wconf 51' lang='lat' dir='ltr'><strong>tim</strong></span> <span class='ocrx_word' id='word_1_215' title='bbox 367 3404 576 3544; x_wconf 55' lang='lat' dir='ltr'><strong>lffqeelcepiegbitur</strong></span> <span class='ocrx_word' id='word_1_216' title='bbox 589 3474 697 3528; x_wconf 70' lang='lat' dir='ltr'><strong>aarum</strong></span> <span class='ocrx_word' id='word_1_217' title='bbox 711 3474 922 3542; x_wconf 78' lang='lat' dir='ltr'><strong>quaternionum</strong></span> <span class='ocrx_word' id='word_1_218' title='bbox 936 3487 993 3526; x_wconf 78' lang='lat' dir='ltr'><strong>coa</strong></span> <span class='ocrx_word' id='word_1_219' title='bbox 1006 3470 1108 3525; x_wconf 82' lang='lat' dir='ltr'><strong>servati</strong></span> 
     </span>
     <span class='ocr_line' id='line_1_35' title="bbox 86 3542 1107 3613; baseline -0.009 -11"><span class='ocrx_word' id='word_1_220' title='bbox 86 3548 169 3602; x_wconf 72' lang='grc'><strong>11111</strong></span> <span class='ocrx_word' id='word_1_221' title='bbox 185 3548 291 3602; x_wconf 78' lang='lat' dir='ltr'><strong>inclusi</strong></span> <span class='ocrx_word' id='word_1_222' title='bbox 306 3551 380 3612; x_wconf 79' lang='lat' dir='ltr'><strong>sant,</strong></span> <span class='ocrx_word' id='word_1_223' title='bbox 397 3547 468 3613; x_wconf 82' lang='lat' dir='ltr'><strong>folia</strong></span> <span class='ocrx_word' id='word_1_224' title='bbox 486 3547 589 3600; x_wconf 79' lang='lat' dir='ltr'><strong>amissa</strong></span> <span class='ocrx_word' id='word_1_225' title='bbox 604 3545 712 3599; x_wconf 74' lang='lat' dir='ltr'><strong>lineolis</strong></span> <span class='ocrx_word' id='word_1_226' title='bbox 730 3544 838 3598; x_wconf 70' lang='lat' dir='ltr'><strong>libralis</strong></span> <span class='ocrx_word' id='word_1_227' title='bbox 856 3542 1014 3613; x_wconf 68' lang='lat' dir='ltr'><strong>siccificata</strong></span> <span class='ocrx_word' id='word_1_228' title='bbox 1032 3547 1107 3595; x_wconf 79' lang='lat' dir='ltr'><strong>eunt.</strong></span> 
     </span>
    </p>
   </div>
   <div class='ocr_carea' id='block_1_8' title="bbox 0 0 1305 3978">
    <p class='ocr_par' dir='ltr' id='par_1_13' title="bbox 0 0 1305 3978">
     <span class='ocr_line' id='line_1_36' title="bbox 0 0 1305 3978; baseline 0 0"><span class='ocrx_word' id='word_1_229' title='bbox 0 0 1305 3978; x_wconf 95' lang='lat' dir='ltr'><strong> </strong></span> 
     </span>
    </p>
   </div>
  </div>
 </body>
</html>
