2578 3972
142 171 208 235 296

160 348 224 384 cum
238 329 266 384 C.
277 329 400 384 Antonio
420 329 545 454 (6911632
563 348 623 401 5511.

161 408 204 470 94,
216 417 249 456 re.
267 406 327 467 120,
338 416 372 456 ar.
391 419 455 455 cum
468 400 519 455 illo
544 417 624 470 egem

161 473 197 527 de
207 472 317 526 ambitu
326 472 451 541 pertulit,
463 488 519 540 qua
529 472 624 526 decra-

160 547 300 609 tumeat,
328 546 360 597 ut
388 543 516 597 damnati
540 543 624 598 exilio

159 615 347 670 multarentur
365 616 417 669 551.
439 619 499 682 105,
509 629 542 669 rs.
564 621 623 682 123,

159 701 192 742 re.
214 692 273 754 146,
282 702 316 740 ar.
335 686 557 741 coniurationem
572 685 623 739 Ca-

158 757 315 811 tilinariam
340 757 369 810 L.
384 757 499 812 Valerio
521 757 622 811 Flacco

160 828 311 883 adiuvante
330 828 438 882 detexit
460 834 622 900 55555511.

158 900 342 969 perfecitque,
358 902 391 953 ut
405 900 474 954 socii
484 898 623 954 Catilinae

160 971 328 1040 deprehensi
337 971 623 1042 interficerenturpaa.

161 1048 245 1109 5515.
263 1043 416 1109 551.64,11.
436 1043 535 1096 ecdem
550 1059 623 1096 anno

158 1112 321 1167 P.Vatinius
335 1115 467 1181 quaestor
477 1113 623 1182 aquariam

158 1183 333 1253 provinciam
359 1185 470 1253 accepit
497 1185 532 1239 ab
560 1184 622 1254 ipso

157 1254 251 1309 Tullio
284 1254 397 1310 consule
430 1256 483 1310 abl.
509 1261 569 1322 115,
589 1272 621 1310 rr.

159 1327 272 1396 postero
316 1343 388 1381 anno
431 1326 623 1380 adversarium

158 1397 259 1451 habuit
278 1397 309 1462 Q.
319 1398 464 1452 Metellum
482 1398 623 1466 Nepotem

158 1469 191 1522 5.
211 1468 250 1539 pl.
275 1468 401 1540 (coesse)
429 1469 482 1522 551.
508 1474 568 1536 155,
588 1485 621 1524 u.

157 1539 219 1608 ipse
252 1557 303 1609 pro
330 1540 434 1593 Archia
467 1540 623 1594 oraticnem

157 1610 260 1664 habuit
277 1612 353 1681 apud
372 1611 489 1665 15555551
507 1611 538 1676 Q.
556 1610 622 1665 Tul·

158 1682 229 1735 lium
251 1685 410 1751 praetorem
432 1700 491 1752 555.
513 1688 621 1750 159,15.

159 1753 288 1821 sequenti
322 1770 395 1807 anno
428 1754 621 1808 testimonium

158 1826 256 1877 contra
300 1824 330 1878 P.
371 1824 499 1878 Clodium
550 1825 623 1878 dixit

158 1895 289 1968 (1393J61),
314 1895 362 1964 qui
386 1897 420 1950 de
443 1896 553 1951 incestu
576 1912 622 1950 ac-

158 1969 273 2019 cusatus
304 1968 487 2021 contenderat
514 1983 543 2020 se
571 1967 621 2021 illo

158 2036 204 2088 die
226 2036 403 2092 Interamnae
429 2037 528 2106 fuisse,
557 2056 622 2092 cum

158 2106 319 2162 Ciceronem
355 2109 460 2163 Rornae
502 2109 621 2164 salutas-

157 2180 201 2232 set
218 2196 290 2234 nom.
310 2186 353 2247 21,
366 2196 387 2233 4.
424 2196 510 2248 quare
530 2179 621 2234 Clodii

157 2249 229 2304 iram
271 2251 424 2305 maximam
469 2251 622 2306 concitavit

158 2338 211 2375 acc.
234 2328 335 2391 21,15.
373 2323 441 2391 quin
473 2321 559 2376 immo
591 2323 621 2375 in

159 2395 260 2447 senatu
292 2410 355 2447 cum
381 2392 479 2447 Clodio
512 2395 541 2447 et
569 2391 621 2447 Cu·

157 2463 236 2518 rione
249 2464 373 2535 iurgium
388 2464 498 2531 habuit,
517 2481 621 2532 exque

157 2535 313 2590 orationem
347 2535 514 2606 conscripsit
550 2553 621 2591 5551.

158 2611 244 2673 21,15.
264 2607 319 2660 dat.
337 2612 378 2674 19,
389 2622 423 2662 so.
447 2609 500 2661 551.
517 2612 621 2674 12515.

159 2675 276 2731 Caesare
308 2677 422 2733 consule
450 2677 576 2751 (695J59)
605 2695 622 2732 a

158 2747 188 2801 L.
197 2748 292 2803 Vettio
311 2749 385 2803 inter
399 2765 447 2803 ecs
462 2749 622 2803 nominatus

158 2821 213 2884 555,
238 2820 287 2889 qui
311 2820 338 2874 ei
362 2821 476 2875 caedem
495 2820 622 2875 Caesaris

157 2892 187 2943 et
204 2889 320 2960 Pompei
343 2892 526 2946 mandassent
549 2909 621 2946 5551.

158 2965 257 3029 10451.
274 2963 403 3032 sequenti
420 2979 493 3016 anno
504 2963 621 3036 (696158)

157 3048 213 3085 555
241 3033 332 3087 solum
357 3034 516 3089 triumviros
540 3034 622 3088 Pom·

157 3103 253 3172 paium
268 3103 415 3159 Caesarem
425 3105 554 3160 Crassum
568 3107 622 3158 ini-

158 3175 245 3229 micos
264 3175 365 3229 habuit
383 3193 454 3231 5551.
466 3181 508 3244 89,
519 3192 552 3231 ro.
568 3193 621 3232 555.

158 3251 244 3310 89,11.
261 3247 407 3314 5511855,
426 3248 624 3301 verumetiam

158 3316 193 3366 tr.
211 3313 250 3380 pl.
279 3313 409 3368 Clodium
439 3319 468 3370 55
495 3317 622 3372 55555155

159 3381 311 3434 Gabinium
338 3383 524 3451 Pisonemque
552 3405 622 3440 5551.

160 3455 204 3516 83,
214 3465 248 3504 so.
266 3468 326 3520 pen.
345 3457 419 3517 90,1.
440 3459 543 3520 14514.
568 3474 623 3512 555.

163 3524 222 3582 111,
238 3534 271 3572 15.
309 3519 422 3574 Clodius
447 3526 623 3592 rogationem

488 169 604 224 INDEX
628 169 812 224 NOMINUM.

696 329 776 397 tulit,
799 331 832 383 ut
849 329 919 383 urbe
938 329 1090 395 eiceretur,
1114 329 1171 398 qui

697 401 770 454 cives
798 400 831 454 R.
859 400 1038 454 indemnatos
1068 402 1171 469 555155

696 471 860 526 damnasset
882 489 941 543 555.
962 477 1068 538 104,11.
1106 489 1170 540 qua

695 541 759 610 lege
782 559 846 596 cum
869 542 965 598 Cicero
988 543 1169 612 significare-

695 615 750 681 tur,
769 617 884 668 senatus
897 614 983 668 vestis
1002 615 1169 668 mutatione

696 700 761 738 eum
774 685 937 753 adiuvabat,
952 701 1049 740 verum
1065 702 1083 739 a
1098 702 1168 739 con-

695 756 804 810 sulibus
837 755 992 826 impeditus
1025 759 1071 811 est
1102 774 1166 826 perr.

696 833 794 896 56,15.
838 828 948 896 itaque,
982 845 1046 882 cum
1075 827 1167 881 etiam

696 898 798 953 Caesar
821 901 888 952 ante
913 901 1009 968 portas
1032 902 1168 954 maneret

696 986 760 1023 cum
792 970 916 1025 exercitu
949 987 1021 1025 5551.
1055 976 1122 1038 105,
1143 986 1166 1037 5,

697 1039 792 1095 Cicero
832 1040 903 1094 Urbe
941 1042 1026 1096 cessit
1065 1045 1096 1096 et
1133 1041 1166 1095 in

696 1112 812 1166 exilium
851 1113 999 1182 rogatione
1039 1111 1166 1167 Claudia

694 1183 806 1251 perlata
829 1186 909 1237 actus
934 1187 977 1239 est
996 1201 1069 1238 5555.
1085 1189 1131 1250 94,
1142 1198 1165 1237 e.

697 1260 799 1322 149,11.
830 1253 944 1309 Clodius
958 1255 1053 1325 elogia
1068 1255 1167 1308 crimi-

694 1342 763 1379 num
778 1325 918 1380 Ciceronis
938 1326 1051 1396 scripsit
1071 1328 1101 1381 st
1119 1329 1166 1379 ta-

694 1395 777 1450 bulas
791 1397 822 1450 in
834 1397 975 1452 vestibulo
990 1397 1091 1451 domus
1100 1397 1166 1452 fixit

694 1485 748 1523 ccc.
784 1474 899 1536 159,15.
955 1467 1094 1523 Gabinius
1131 1468 1165 1522 b.

694 1538 808 1593 Aelium
826 1540 954 1594 Lamiam
974 1541 1097 1593 amicum
1117 1538 1165 1593 Ci-

694 1611 804 1665 ceronis
823 1613 877 1666 abl.
897 1617 957 1680 149,
972 1625 1005 1680 ra,
1035 1611 1085 1680 qui
1103 1611 1164 1664 iam

694 1681 754 1735 eius
773 1682 921 1736 consulatu
934 1699 986 1751 pro
1001 1699 1034 1736 eo
1048 1681 1165 1736 labora-

694 1754 774 1807 verat
787 1756 817 1807 et
830 1757 892 1807 tum
907 1754 1076 1823 deprecatus
1091 1755 1164 1822 erat,

692 1823 831 1895 relegavit
849 1827 906 1880 dat.
927 1830 971 1891 88,
985 1841 1005 1879 a.
1041 1824 1164 1878 Thessa-

693 1893 803 1950 lonicae
836 1896 913 1966 apud
940 1895 989 1951 Cn.
1013 1895 1164 1949 Plancium

694 1970 885 2034 quaestorem,
923 1984 1043 2035 quocum
1079 1970 1163 2021 vetus

693 2037 874 2092 familiaritas
894 2039 922 2092 51
940 2041 1009 2105 5555,
1029 2039 1163 2092 versaba-

693 2111 739 2161 tur
764 2127 834 2164 5551.
852 2116 960 2176 126,1u.
985 2112 1041 2164 dat.
1062 2114 1125 2176 149,
1139 2126 1162 2164 e.

693 2197 747 2234 ccc.
769 2181 952 2248 14515551.
974 2186 1064 2245 1251.
1103 2181 1163 2235 iam

694 2252 823 2319 sequenti
841 2251 1047 2323 1555597157)
1067 2268 1162 2321 paene

693 2322 836 2377 universos
854 2323 1039 2392 magistratus
1054 2323 1163 2377 amicos

695 2393 808 2452 habuit:
844 2411 901 2448 non
934 2393 1024 2448 solum
1061 2394 1163 2448 consul

694 2464 829 2518 Lentulus
875 2465 1009 2534 Spinther
1051 2466 1163 2519 amicus

695 2536 755 2589 eius
782 2535 839 2589 1551
863 2540 948 2591 antea
971 2535 1162 2590 amicissimus

694 2607 970 2672 1555551155.18,11
998 2611 1028 2661 55
1049 2610 1112 2661 tum
1131 2608 1163 2661 in

694 2677 844 2747 Albanum,
870 2681 904 2732 ut
921 2678 1089 2747 Pompeium
1111 2679 1162 2733 dc-

694 2751 865 2817 precaretur,
883 2748 1026 2818 profectus
1047 2752 1092 2803 est
1105 2751 1160 2804 551.

696 2825 738 2887 18,
757 2835 792 2888 15,
823 2837 920 2875 verum
947 2821 1034 2875 etiam
1061 2823 1095 2875 tr.
1119 2821 1160 2889 51.

695 2890 802 2945 Sestius
831 2893 860 2946 55
877 2891 946 2946 Milo
969 2909 1021 2961 pro
1045 2907 1077 2944 eo
1101 2895 1161 2945 stu-

695 2963 817 3016 duerunt
842 2981 902 3034 pen.
922 2968 1009 3028 8515.
1038 2963 1095 3017 dat.
1115 2968 1161 3028 82,

694 3049 728 3088 ra.
761 3051 816 3088 acc.
842 3041 902 3100 112,
917 3049 950 3088 ro.
984 3035 1037 3089 abl.
1061 3039 1159 3100 82,11.

695 3105 859 3174 apartibus
878 3104 969 3159 Clodii
991 3105 1077 3175 pauci
1102 3107 1162 3158 sta-

695 3177 773 3242 bant,
792 3176 867 3231 inter
885 3193 955 3244 quos
972 3175 1079 3230 Atilius
1098 3175 1162 3230 Ser-

694 3263 779 3300 ranus
803 3246 881 3312 etQ.
900 3246 1051 3302 Numerius
1067 3247 1162 3303 Rufus

694 3323 855 3387 555151.
882 3323 961 3382 ets.
1003 3318 1066 3384 sed,
1096 3335 1161 3373 cum

695 3387 809 3442 Clodius
828 3390 964 3444 acerrime
986 3390 1162 3444 restitutioni

696 3457 837 3514 Ciceronis
846 3461 1050 3528 adversaretur,
1062 3477 1162 3514 cruen—

695 3529 823 3584 tissimae
857 3531 1054 3586 dimicationes
1085 3533 1163 3586 inter
