2510 3970
489 217 504 277 t
524 217 638 268 52-64.
1005 214 1067 278 141

44 379 190 456 legerint,
208 379 281 438 haeo
295 380 369 438 seire
383 380 526 438 faoillime
540 381 662 455 possint.
692 380 793 456 Atque
806 380 873 441 ideo
887 385 1069 442 mentionem

45 465 149 545 Oongi
183 467 302 526 uidetur
334 469 557 544 interposuisse,
594 471 647 544 qui
677 489 731 545 per
762 470 839 528 illud
869 473 987 547 tempus
1020 471 1068 531 de·

45 557 193 630 cesserat,
225 557 313 615 homo
346 558 477 616 curiosus
506 560 537 616 et
566 557 693 636 diligens
722 559 868 618 eruendae
895 562 1068 635 vetustatis3

45 664 122 704 nam
145 646 302 706 muricus
1043 637 1047 646 “

18 787 31 828 s
377 767 507 842 (Desunt
528 771 582 830 IV
595 771 748 845 paenae.)

207 913 318 987 partim
358 912 517 972 malitiosis
554 913 707 972 fraudibus
745 913 961 989 deprehensum
996 915 1063 974 ideo
1086 921 1100 982 ξ
1121 922 1162 970 63.

44 1003 172 1059 tantum
202 1002 326 1078 negavit
353 1000 390 1060 ab
418 1019 448 1060 se
476 1003 580 1060 statim
606 1003 721 1078 puniri,
753 1003 834 1078 quod
859 1005 954 1064 natus
978 1007 1067 1079 esset3

45 1091 164 1165 quippe
194 1091 242 1148 vir
272 1090 421 1166 sapientia
452 1091 604 1165 praeditus
637 1092 743 1150 altiore
775 1111 835 1150 uon
867 1095 988 1169 putavit

45 1177 158 1237 iudioii
180 1178 315 1236 futurum
337 1178 483 1254 quidquid
506 1181 624 1239 feoisset
645 1181 749 1240 iratus.

7 1285 30 1325 ιο
116 1266 196 1326 Non
221 1286 358 1342 vereor,
391 1287 432 1326 ne
459 1267 547 1326 mihi
575 1268 728 1344 aliquid,
760 1269 911 1345 iudices,
939 1271 1161 1338 videar§64.

45 1356 241 1433 adrogare,
264 1358 296 1415 si
318 1357 358 1415 de
382 1359 577 1432 quaestura
600 1377 676 1416 mea
699 1357 831 1417 dixero.

116 1443 161 1502 Ut
193 1464 223 1504 se
249 1443 419 1505 Laterensis
447 1444 615 1505 ostenderet
643 1446 798 1506 aedilitate
825 1449 917 1506 fuisse
943 1446 1066 1508 Planoio

44 1534 231 1612 digniorem,
259 1537 542 1595 commemoraverat
565 1553 596 1593 se
618 1537 692 1612 aput
714 1536 874 1596 Praeneste
895 1537 982 1597 ludos
1006 1538 1066 1597 edi-

45 1623 143 1697 disse,
179 1621 301 1698 Gyrenis
339 1625 430 1682 etiam
466 1643 582 1683 summa
612 1624 797 1684 liberalitate
828 1627 861 1684 in
892 1625 1066 1702 publioanos

7 1729 30 1768 15
46 1713 156 1790 egisse,
178 1713 212 1770 in
233 1713 328 1772 sooios
351 1713 478 1787 denique
501 1715 592 1772 fuisse
614 1715 819 1773 iustissimum.
861 1713 943 1783 Quae
966 1717 1067 1775 omnia

45 1802 213 1860 iaetantius
241 1801 279 1860 ab
305 1801 359 1860 illo
387 1802 468 1862 dieta
491 1821 581 1878 quam
605 1803 756 1880 eleganter
779 1804 875 1862 elevet
902 1806 933 1862 et
956 1804 1067 1864 abieiat

45 1889 89 1946 M.
108 1889 235 1964 Tillius,
259 1891 485 1950 oonsideremus.
522 1891 702 1951 Persuadere
725 1892 792 1950 vult
814 1912 943 1968 namque
966 1895 1067 1953 omnia
1247 1957 1248 1966 ,

45 1979 113 2052 illa,
138 1996 213 2054 quae
232 1980 305 2039 foris
324 1981 456 2057 gesserit,
475 1982 549 2056 aput
567 1982 779 2040 oonseientiam
796 1982 901 2056 populi
919 1982 953 2039 R.
972 1983 1066 2042 latere
1166 2038 1169 2048 ,

45 2069 191 2143 potuisse.
237 2067 282 2126 Ao
304 2087 341 2127 ne
365 2068 497 2128 aterbius
521 2070 653 2127 animum
682 2070 815 2129 laederet
842 2071 990 2131 audientis

10 2173 33 2210 10
47 2157 86 2214 de
114 2159 276 2232 quaestura
308 2175 361 2216 sua
389 2159 450 2236 egit
481 2177 541 2216 non
573 2159 636 2216 sine
667 2158 764 2236 figura
795 2203 859 2233 ...,
892 2161 972 2235 quod
999 2179 1066 2220 oum

47 2245 196 2322 Lilybaeo
214 2245 356 2306 dsoedens
372 2246 511 2320 Puteolos
531 2247 729 2321 adventasset,
748 2267 849 2306 omnes
866 2266 933 2306 eum
947 2251 1065 2327 ignora-

47 2337 150 2393 verint
171 2336 268 2410 primo
291 2354 327 2394 ex
348 2338 510 2411 provincia,
534 2338 606 2394 tuno
628 2337 734 2395 deinde
758 2355 793 2395 ex
817 2335 933 2412 Sicilia,
957 2339 995 2397 ad
1018 2357 1065 2397 ex-

47 2426 180 2482 tremum
199 2443 232 2482 er
246 2422 419 2500 Lilybitana
436 2427 551 2498 venire3
575 2424 681 2500 quibus
699 2427 764 2500 ipse
784 2428 870 2485 varia
888 2428 1064 2486 soisoitanti-

48 2512 104 2572 bus
119 2513 280 2572 novissime
295 2531 362 2571 oum
375 2515 567 2589 permistione
582 2514 711 2589 quadam
725 2515 871 2574 stomachi
879 2515 1066 2591 responderit

14 2615 35 2656 a
49 2621 79 2660 se
94 2601 241 2676 adaquas
262 2603 361 2677 potius
375 2604 407 2660 in
422 2601 617 2678 Campaniam
631 2605 754 2677 venisse,
769 2605 804 2661 ut
816 2605 1065 2682 interrogationes

50 2709 153 2750 eorum
176 2690 213 2749 ab
236 2708 267 2749 se
290 2693 455 2767 respueret,
478 2710 551 2766 quos
574 2693 698 2751 moleste
722 2691 837 2752 ferebat
859 2694 979 2770 ignaros
1003 2713 1065 2753 esse

49 2781 236 2854 quaesturae,
260 2798 349 2855 quam
369 2799 400 2840 se
418 2782 595 2839 meminerat
612 2799 722 2858 magna
740 2800 807 2840 oum
825 2782 913 2839 laude
932 2783 1064 2859 gessisse.

49 2867 173 2927 Profioit
191 2867 230 2927 ad
246 2869 332 2927 illam
348 2871 570 2945 responsionem
587 2870 684 2928 multa
698 2870 810 2929 Romae
826 2872 970 2948 ignorari,
989 2890 1064 2947 quae

50 2957 123 3016 foris
151 2959 236 3034 gesta
258 2960 328 3016 sunt
355 2977 373 3016 a
400 2958 598 3033 senatoribus,
629 2978 663 3018 ao
689 2962 847 3036 propterea
874 2958 1065 3018 Laterensem

117 3149 197 3212 seqq.
216 3143 251 3210 of.
271 3123 325 3197 Cio.
346 3143 426 3198 Tusa.
445 3143 484 3198 IV
503 3151 545 3213 36,
561 3151 602 3200 78.
630 3145 692 3200 Val.
712 3145 785 3203 Max.
804 3145 843 3200 IV
864 3153 887 3214 1,
906 3149 961 3201 ext.
978 3153 1000 3200 1.

116 3319 238 3374 2001101
258 3322 328 3376 (lut
345 3338 431 3390 supra
503 3324 803 3393 6depraeheirsumG
873 3327 1062 3396 800019111-

50 3391 131 3457 ficavi
147 3390 313 3464 <integri>?
379 3398 411 3446 10
429 3393 528 3448 uideas
548 3397 571 3451 0
643 3403 672 3448 15
692 3395 779 3448 fuisse
797 3395 919 3463 denique
936 3397 1023 3451 fuisse
1044 3399 1067 3453 0

52 3462 172 3530 deniqne
185 3462 273 3516 fuisse
286 3481 329 3518 rao
347 3463 434 3518 fuisse
448 3465 570 3534 denique
583 3467 615 3523 St
679 3472 710 3520 19
726 3468 897 3521 tec.4om.=
909 3473 944 3520 10
954 3470 1004 3522 litt.

53 3537 85 3586 20
99 3535 149 3588 loo.
162 3540 176 3586 1
187 3534 220 3602 -Ι-
231 3534 282 3606 3¹s,
293 3552 341 3589 cra.
353 3561 386 3580 =
398 3541 432 3588 10
447 3537 496 3591 litt.
513 3538 675 3604 (υγκρίεεωε
688 3538 776 3606 suppl.
787 3554 829 3592 mo
844 3541 1005 3604 ecrercpos?

54 3609 84 3657 21
103 3605 211 3674 Libyae
231 3607 254 3661 0
323 3613 356 3659 22
376 3607 411 3660 de
426 3624 479 3676 pro
498 3608 534 3660 ad
555 3609 578 3663 0
