2584 3978
469 233 682 289 PRAEFATIO.
982 235 1085 291 XXXV

71 403 203 463 Ambros
227 423 256 479 p.
272 405 334 463 125
359 401 495 463 66651665
517 423 545 479 p.
563 405 635 478 160,
645 414 678 462 21
704 405 785 462 entia
809 404 849 463 ad
873 406 971 479 1622
995 405 1055 464 bel·

136 523 147 533 ·
237 495 337 552 ·132
419 524 431 534 -
521 492 665 568 ·162,a
694 493 757 550 lum
785 494 1083 572 66166646τὲ6-

709 584 818 640 mento,

239 702 250 712 -
276 672 336 729 131
420 701 432 712 ·
522 699 534 710 ·
564 672 681 745 162,24
699 669 891 729 deficiebatur
909 672 1081 748 ud163,1e

710 759 867 836 sepulchri.

136 879 148 888 -
238 851 337 907 -118
420 879 430 888 -
522 849 680 923 -163,20
704 849 744 908 ad
768 850 885 922 164‚19
909 848 1010 908 tribui.

136 967 148 977 ·
238 940 337 996 -117
419 969 431 978 -
522 936 1081 1012 -164,1esedad165,11ooeu-

709 1023 815 1101 petis*.

135 1114 223 1173 Nunc
246 1133 304 1190 quo
329 1113 430 1173 ordine
454 1116 602 1175 orationes
627 1114 714 1174 nobis
737 1115 770 1172 in
793 1115 903 1174 codicis
926 1115 1081 1177 Bobiensis

69 1204 202 1279 reliqnfis
230 1206 363 1263 servatae
391 1205 464 1279 siut,
492 1203 659 1263 videbImus
688 1206 717 1262 et
747 1206 821 1278 quot
843 1203 969 1282 paginas
993 1224 1081 1280 quae-

70 1313 125 1369 que
154 1293 354 1368 occupaverit,
387 1293 621 1369 conputabimus.
668 1292 769 1368 Atque
798 1311 864 1351 cum
892 1313 927 1351 ex
948 1297 1081 1355 numeris

70 1383 300 1458 quaternionum
322 1383 375 1439 aut
398 1401 433 1440 ex
456 1383 553 1441 titulis
576 1382 748 1442 orationum
772 1382 894 1456 eluceat,
917 1381 969 1440 ubi
991 1385 1082 1442 ceteri
1172 1390 1176 1411 ¹

70 1472 277 1546 quaterniones
299 1470 430 1546 ponendi
457 1473 530 1546 sint,
562 1470 620 1530 duo
643 1469 755 1546 integri
777 1470 860 1529 nullo
884 1490 1006 1530 numero
1030 1472 1080 1530 ad-

68 1563 145 1618 iecto
169 1561 281 1618 servati
302 1562 384 1634 sunt,
408 1562 461 1635 qui
478 1561 759 1618 commentariorum
777 1558 816 1616 ad
839 1562 1005 1620 orationem
1027 1580 1081 1636 pro

70 1647 153 1707 Sulla
166 1652 197 1706 et
209 1650 242 1705 16
258 1647 393 1706 Clodium
412 1651 441 1707 et
456 1646 612 1706 Curionem
629 1647 808 1725 scriptorum
825 1648 968 1723 reliquias
988 1651 1081 1708 conti·

68 1741 147 1796 6665.
191 1737 297 1812 Itaque
320 1737 415 1795 oritur
438 1737 582 1812 quaestio,
604 1740 706 1796 utrum
728 1739 761 1795 in
784 1736 891 1796 lacuna
913 1738 993 1796 inter
1015 1757 1081 1797 ora·

66 1827 180 1886 tionem
207 1826 243 1885 de
269 1845 339 1904 rege
361 1825 564 1886 Alexandrino
593 1827 623 1883 65
650 1844 704 1902 pro
728 1825 834 1885 Flacco
859 1845 897 1883 an
921 1829 989 1885 ante
1013 1847 1086 1886 ora:

66 1915 181 1974 tionem
203 1915 239 1973 de
261 1934 331 1992 rege
349 1914 551 1973 Alexandrino
574 1915 703 1991 ponendi
726 1916 794 1974 sint.
835 1915 956 1974 Etenim
978 1935 1080 1974 nume-

65 2023 116 2064 rus
147 2003 277 2063 XLVIII
307 2005 339 2061 in
370 2005 458 2064 huius
496 2005 639 2063 orationis
676 2005 888 2063 commentario
919 2005 1080 2079 invenitur,

64 2092 140 2151 LHI
166 2093 198 2150 in
224 2094 337 2170 pagiua
359 2093 421 2152 251
452 2093 561 2152 codicis
583 2091 736 2167 Vaticani,
768 2093 824 2150 hoc
852 2095 898 2151 est
923 2093 956 2150 in
982 2093 1080 2152 media

65 2182 202 2241 oratione
230 2200 283 2258 pro
306 2181 413 2240 Flacco
438 2181 556 2257 habita,
591 2183 694 2256 itaque
722 2199 789 2239 cum
815 2181 848 2239 in
880 2183 991 2259 pagiua
1015 2183 1078 2242 245

64 2288 210 2330 numerus
230 2271 435 2346 quaternionis
454 2270 614 2330 adnotatus
633 2271 747 2330 nonsit
765 2289 861 2345 neque
878 2271 952 2329 haec
969 2272 1081 2348 pagina

63 2378 133 2418 cum
168 2360 232 2420 250
269 2359 425 2419 cohaereat
453 2377 578 2434 cumque
610 2360 689 2417 inter
714 2359 776 2417 253
811 2362 841 2417 65
874 2361 937 2418 248
971 2359 1079 2419 lacuna

63 2451 117 2523 sit,
148 2449 349 2507 necessarium
375 2451 422 2507 est
447 2449 527 2506 inter
550 2449 613 2506 245
638 2451 668 2506 65
692 2448 757 2507 250
785 2447 858 2506 (1666
881 2451 1008 2526 paginas
1023 2464 1080 2506 ¹en-

63 2537 174 2597 cidisse
207 2540 238 2596 et
267 2538 347 2595 inter
375 2537 416 2595 52
445 2540 474 2595 65
503 2537 566 2596 256
598 2539 659 2595 tres
692 2538 901 2611 quaterniones
930 2539 960 2595 et
986 2557 1079 2596 unum

60 2627 173 2685 folium
201 2625 342 2685 amIssum
369 2643 439 2685 esse.
485 2625 550 2684 Iam
578 2627 604 2684 si
632 2627 781 2684 orationes
808 2645 863 2701 pro
888 2625 972 2684 Sulla
995 2627 1080 2685 etin

63 2714 208 2774 Clodium
235 2717 266 2772 et
288 2713 446 2773 Curionem
472 2715 529 2773 hoc
555 2715 620 2773 loco
648 2714 799 2790 ponendas
828 2731 890 2774 esse
919 2732 1079 2790 censemus,

59 2806 93 2862 in
123 2803 322 2880 quaternione
344 2801 385 2861 IL
411 2803 500 2862 finem
533 2802 738 2862 commentarii
770 2801 914 2861 orationis
944 2803 981 2860 de
1007 2821 1078 2880 rege

59 2891 268 2951 Alexandr-Ino
296 2894 326 2951 65
351 2893 472 2951 initium
505 2891 711 2950 commentarii
738 2889 879 2950 Sullanae
906 2910 924 2948 a
955 2891 1078 2951 librario

59 2984 211 3057 scriptum
235 2998 297 3040 esse
325 2981 540 3040 concedendum
569 2983 623 3056 est,
654 2979 760 3038 deinde
792 2998 845 3039 nos
877 2983 977 3039 tenere
1005 3000 1078 3056 qua-

57 3072 216 3130 terniones
252 3069 277 3127 L
314 3072 345 3129 65
379 3067 421 3127 LI
461 3070 575 3129 scilicet
612 3088 674 3144 eos,
716 3071 747 3127 16
785 3069 893 3144 quibus
930 3071 1079 3130 orationes

56 3179 116 3236 pro
153 3159 240 3218 Sulla
272 3161 302 3217 65
329 3160 361 3217 16
395 3157 531 3217 Clodium
563 3161 593 3217 et
626 3157 783 3217 (lurionem
814 3157 936 3217 habitae
968 3159 1077 3220 insunt.

58 3249 94 3308 Si
134 3249 193 3307 hoc
229 3247 274 3307 156
309 3251 368 3322 665,
398 3249 478 3306 inter
508 3266 576 3324 pag.
607 3249 645 3305 12
682 3246 793 3307 codicis
825 3246 1018 3308 Ambrosiani
1049 3252 1079 3308 65

58 3339 128 3397 256
154 3336 296 3396 Vaticani
328 3356 419 3394 unum
451 3336 558 3395 folium
589 3337 731 3394 amissum
763 3338 816 3396 est.
871 3335 976 3413 Neque
1007 3356 1077 3397 vero

56 3427 117 3486 hoc
143 3427 276 3503 spatium
303 3425 427 3485 ultimae
453 3427 535 3500 parti
561 3425 767 3484 commentarii
790 3425 934 3484 orationis
956 3427 989 3484 in
1013 3425 1079 3485 Olo-

58 3515 146 3574 dium
171 3518 203 3573 et
227 3513 384 3573 Curionem
406 3514 527 3573 habitae
550 3516 580 3572 65
602 3515 716 3589 primae
739 3513 916 3573 Flaccianae
938 3516 1079 3591 66666515.

59 3604 187 3664 Etenim
209 3605 242 3661 in
264 3622 332 3680 pag.
353 3605 392 3662 12
418 3604 646 3662 commentarius
673 3602 775 3661 finitus
803 3601 934 3661 nondum
958 3605 1015 3676 est,
1047 3605 1079 3659 in

885 3697 918 3752 ο*
