2554 3978
173 165 238 230 118
564 164 605 218 IN
624 163 807 220 VATINIUM

69 341 89 402 ἓ
110 339 152 389 19·
239 334 362 413 Augur
385 335 471 392 fieri
494 335 526 392 in
550 333 582 403 Q.
601 333 744 392 Metelli
766 333 891 392 locum.

239 421 272 492 Q.
290 424 429 484 Metellus
454 421 553 496 Celer,
580 440 657 482 unus
680 441 697 480 e
723 439 847 481 numero
875 439 1036 500 augurum,
1063 422 1182 482 nonita
1250 441 1255 492 u

169 512 288 591 pridem
323 514 387 572 vita
424 514 597 572 excesserat.
661 509 752 570 (iuius
789 512 822 568 in
858 512 958 571 locum
993 509 1025 568 P.
1049 511 1182 569 Vatinius
1253 530 1255 565 u

172 604 352 680 auguratum
385 603 523 677 petierat.
578 601 619 660 Et
650 600 699 659 hie
730 599 897 676 proscindit
929 599 1089 659 audaciam
1120 600 1183 670 eius,
1251 619 1255 655 l

171 695 224 768 qui
259 691 351 750 furerit
382 690 523 768 indignus
560 692 591 748 et
622 691 804 768 cognatum
836 689 984 765 consequi
1008 691 1040 747 et
1070 687 1211 747 Metellos
1252 707 1253 712 ¹

171 780 321 841 subsidiui.
1251 797 1255 832 'f

73 874 154 935 §21-
239 869 285 928 lit
335 886 353 927 a
402 868 529 927 tabula
576 867 721 926 Valeria
769 867 932 944 collegae
984 867 1041 925 tui
1092 865 1185 924 mitti

169 955 345 1017 iuberent.

236 1046 295 1105 Hic
318 1047 450 1124 collegae
472 1047 701 1106 intercesserant
720 1043 752 1102 P.
762 1044 888 1104 Vatinio
911 1044 1028 1103 iubenti
1045 1043 1086 1102 M.
1101 1042 1185 1102 Bibu·
1252 1065 1255 1098 1

169 1137 234 1195 lum
265 1137 298 1194 in
329 1136 429 1195 vincla
461 1135 539 1194 duci.
589 1132 675 1203 Quod
705 1151 776 1193 vero
806 1133 845 1192 ad
876 1133 1013 1192 tabulam
1035 1133 1185 1192 Valeriam
1196 1148 1212 1188 u
1251 1165 1255 1190 l

168 1226 318 1302 pertinere
350 1225 501 1299 videatur,
533 1224 593 1284 loci
624 1217 732 1284 nomen
759 1223 802 1282 sic
829 1222 989 1282 ferebatun
1044 1219 1185 1291 Quemad-
1252 1247 1255 1276 l

169 1312 292 1374 modum
333 1313 377 1372 ad
416 1312 580 1372 tabulam
622 1311 792 1386 Sestium,
834 1313 918 1372 cuius
958 1312 1098 1370 meminit
1138 1326 1186 1386 pro
1254 1335 1255 1368 ς

170 1400 307 1478 Quintio,
339 1404 384 1461 ita
416 1405 446 1461 et
474 1402 517 1461 ad
545 1401 708 1461 tabulam
730 1400 912 1459 Valeriam
939 1399 1109 1476 dicebatur,
1141 1398 1186 1458 ubi
1253 1420 1255 1446 τ

169 1491 309 1552 Valerius
327 1490 476 1550 Maximus
498 1490 634 1550 tabulam
656 1509 756 1548 rerum
775 1489 812 1548 ab
831 1509 862 1550 se
881 1491 914 1548 in
932 1487 1032 1548 Gallia
1050 1505 1186 1565 prospere
1252 1521 1255 1547 ,ι

170 1583 323 1660 gestarum
345 1583 542 1658 proposuerat
565 1581 695 1640 ostentui
716 1579 816 1657 vulgo.
1197 1591 1214 1632 c

239 1667 372 1729 Consul
426 1663 554 1745 p'opuli
602 1669 637 1726 R.
683 1668 996 1728 moderatissimus
1047 1666 1187 1727 sublato
1254 1691 1255 1724 ³

170 1758 324 1834 auxilio,
347 1759 505 1818 exclusis
528 1758 668 1832 amicis,
691 1757 728 1817 vi
750 1756 984 1832 perditorum.

174 1892 178 1908 ι
240 1844 386 1925 (longesta
493 1846 637 1925 Magnum
669 1846 822 1906 cumulum
854 1846 926 1904 fecit
955 1845 1089 1905 invidiae
1118 1847 1188 1904 eta
1253 1868 1255 1902 ι

170 1953 306 2012 persona,
329 1935 409 2013 quod
427 1936 586 2007 consulem,
606 1938 636 1994 et
654 1934 692 1993 ab
711 1934 842 1994 eiusdem
861 1934 1003 2009 moribus,
1026 1933 1108 2010 quod
1126 1949 1187 2010 pro·
1254 1970 1255 1974 =

171 2024 267 2084 hibita
300 2026 464 2085 amicorum
495 2024 645 2101 praesidio
678 2027 708 2082 et
738 2042 793 2099 per
823 2024 1001 2084 violentiam
1032 2022 1215 2083 seditIosaau

171 2114 374 2174 multitudinis
402 2115 570 2189 opprimere
597 2115 721 2172 conatus
750 2114 790 2171 sit
813 2131 881 2171 eum
908 2113 1115 2188 potissimum,
1142 2110 1188 2186 qui
1254 2124 1255 2156 u

173 2203 328 2278 auspicato
352 2205 382 2262 et
404 2204 461 2261 rite
484 2204 585 2263 omnia
607 2202 674 2261 fieri
696 2201 851 2280 gestiebat.

71 2294 153 2356 §22-
239 2290 286 2350 Ut
309 2292 450 2351 consuli
472 2291 594 2351 domus
618 2292 768 2350 exilium
790 2308 867 2349 esse
889 2308 959 2349 non
980 2293 1114 2365 posset.
1254 2349 1255 2364 ,

239 2380 308 2439 Non
330 2383 449 2439 tantum
467 2381 669 2440 miserabilem
686 2380 759 2438 fecit
776 2380 833 2438 hac
852 2379 1028 2438 necessitate
1046 2377 1088 2435 M.
1102 2377 1188 2437 Bibu·
1248 2384 1252 2405 ¹

172 2471 249 2543 lum,
285 2488 390 2528 verum
426 2470 518 2528 etiam
554 2488 671 2530 summa
706 2467 822 2528 invidia
858 2468 1004 2526 laceravit
1026 2467 1189 2536 Vatinium,
1200 2476 1217 2516 ³⁵
1254 2483 1255 2528 l

172 2559 227 2636 qui
244 2559 328 2618 velut
347 2557 522 2618 damnatam
540 2559 669 2618 consulis
687 2558 878 2616 maiestatem
895 2557 993 2632 primo
1011 2557 1044 2614 in
1062 2556 1189 2615 latebras

173 2649 318 2727 coegerit,
345 2647 450 2706 deinde
474 2650 673 2707 occultantem
696 2665 740 2722 so,
769 2665 807 2704 ne
828 2645 996 2722 periculum
1019 2645 1127 2705 salutis
1149 2646 1188 2702 in·

173 2736 298 2811 cideret,
330 2737 484 2796 extrahere
516 2736 603 2797 domo
631 2754 684 2796 sua
712 2734 910 2811 contenderit,
942 2737 978 2794 ut
1008 2735 1189 2811 perditorum

174 2825 311 2886 manibus
339 2825 490 2885 addiceret
516 2844 570 2886 neo
596 2825 706 2885 habere
733 2825 836 2884 consul
863 2824 987 2884 exilium
1014 2823 1097 2883 domi
1124 2840 1189 2884 suae

174 2918 274 2974 tutum
295 2916 403 2990 posset.
1200 2921 1218 2962 ³⁰

73 3005 155 3069 §2a
242 3003 328 3063 Flam
355 3023 427 3062 rem
449 2998 534 3082 <p.>,
566 3022 656 3080 quae
688 3004 864 3079 auspiciis
898 3003 1101 3063 constituta
1132 3001 1190 3060 est

245 3144 278 3192 12
297 3137 353 3192 (lic.
372 3155 424 3208 pro
443 3137 575 3203 Quinctio
595 3143 620 3205 6,
639 3141 681 3191 25.

243 3262 300 3314 ehi
309 3279 352 3317 mo
408 3267 441 3315 10
455 3261 635 3316 ininuidiam
645 3261 669 3317 G
679 3260 832 3316 invincula
844 3261 882 3316 Or
895 3259 926 3314 in
936 3260 1095 3316 custodiam
1104 3262 1146 3332 Zp

21 3363 22 3384 u
177 3337 211 3385 14
230 3330 392 3387 GalliamO
457 3333 1188 3404 181ac.2lin.†4¹s,cra=421itttcouxoboub<c

21 3407 23 3482 ᾗ
174 3403 266 3470 suppl.
281 3402 369 3456 Halm
391 3403 529 3483 ἀναεκευῄ
549 3405 605 3457 ἀπὸ
627 3405 778 3470 προεώπου
803 3408 849 3458 καὶ
867 3403 919 3458 ἀπ’
936 3407 1023 3471 ἤθους
1042 3405 1114 3458 κατὰ
1133 3419 1187 3458 tuv-

21 3491 23 3540 5
175 3472 345 3539 αθροιεμὸν1
426 3475 461 3524 10
483 3471 670 3529 oditiosan
748 3480 781 3527 26
805 3473 963 3530 latebraO
1033 3471 1188 3542 aucupius

21 3545 25 3604 l
176 3541 265 3596 Habe
337 3546 369 3596 31
390 3539 462 3613 (p.)
476 3543 619 3598 codicia
673 3543 808 3612 auspiciis
826 3544 947 3598 inventis
966 3544 1109 3600 codddic.
