2554 3978
564 237 578 298 ἓ
599 237 622 286 7.
1053 233 1096 298 63

71 403 180 476 itaque
219 402 365 462 vivacitas
397 400 437 458 M.
469 401 568 460 Tullio
609 401 732 476 propria
768 403 826 476 est,
867 403 901 460 ut
937 404 1099 478 antequam

73 490 343 568 argumentationis
384 491 522 566 impleat,
562 490 721 550 victoriam
761 489 908 565 praelibet
947 492 980 548 in
1024 493 1099 567 ipsis

72 578 339 654 propositionibus.

140 675 287 754 Negant
322 677 460 736 intueri
491 677 605 735 luoem
637 693 714 735 esse
745 676 800 736 fas
837 678 883 750 ei,
920 678 981 752 qui
1012 695 1032 736 α
1063 695 1099 737 se

47 766 256 826 shominem
278 767 436 824 oooisum
459 783 534 824 esse
557 765 728 824 fateatur.

140 862 209 922 Hoo
236 864 367 938 primum
394 863 550 941 adgressus
577 862 708 921 refutare
735 865 768 920 in
795 862 931 922 omnibus
960 863 1099 924 caedibus

72 971 135 1011 non
165 953 362 1012 confessiones
391 969 453 1011 esse
475 951 673 1027 damnandas,
701 951 751 1010 sed
780 969 883 1012 oausas
910 953 1100 1028 potissimum

71 1041 280 1117 requirendas.
336 1039 391 1100 (lui
422 1041 607 1116 responsioni
644 1040 765 1099 adhibet
795 1040 1015 1100 firmamentum

72 1131 246 1205 annqnnn
274 1129 435 1189 Horatium
462 1148 580 1206 quoque
607 1148 667 1188 non
699 1129 788 1188 oaede
819 1131 955 1208 vulgari,
986 1133 1031 1190 eet
1063 1130 1100 1189 de

36 1241 59 1279 10
72 1218 255 1294 parricidio,
286 1219 343 1278 hoo
375 1221 420 1278 est
450 1219 630 1294 interempta
661 1237 761 1278 sorore
791 1219 957 1278 confessum
984 1218 1100 1279 absolvi

72 1312 181 1366 tamen
203 1307 330 1383 probata
351 1309 502 1384 aequitate
520 1309 669 1366 meruisse.
707 1305 823 1383 Quippe
841 1307 985 1367 Horatius
1004 1309 1102 1367 vietor

72 1397 207 1456 Romam
236 1414 386 1474 regressus
418 1398 522 1456 occisis
556 1395 652 1455 tribus
681 1393 810 1456 ornatis
838 1395 1023 1456 Albanorum
1050 1396 1099 1457 ob-

73 1487 160 1544 viam
194 1503 324 1545 sororem
351 1484 457 1545 habuit
484 1485 712 1564 deplangentem
739 1485 807 1544 Atti
835 1484 950 1544 Curiati
978 1485 1101 1560 obitum,

75 1575 123 1633 oui
159 1573 306 1649 desponsa
338 1575 443 1633 fuerat
495 1571 539 1633 Ob
568 1569 643 1651 (id)
670 1574 822 1633 interfecit
853 1591 919 1633 eam
950 1575 1044 1633 frater
1071 1576 1101 1632 et

38 1684 61 1722 α
74 1663 178 1739 spolia
193 1661 395 1723 Curiatiorum
407 1665 489 1722 trina
501 1663 568 1721 fixit
577 1663 650 1722 'loeo
664 1662 782 1738 celebri,
797 1665 845 1722 oui
860 1664 941 1739 pilae
955 1663 1100 1722 Horatiae
1181 1663 1183 1668 ’

73 1771 188 1812 nomen
211 1753 264 1810 est.
304 1751 363 1810 Hie
385 1754 486 1820 tamen
509 1751 607 1811 caedis
631 1755 787 1812 aecusatus
811 1751 848 1811 ab
871 1753 1011 1827 inimicis,
1034 1771 1101 1811 oum

75 1842 189 1918 eapitis
204 1858 325 1900 oausam
339 1844 413 1917 aput
426 1841 547 1900 Tullum
565 1860 665 1920 regem
678 1843 765 1917 patre
779 1841 954 1900 defendente
969 1841 1101 1915 dixisset,

147 2069 183 2118 11
193 2080 249 2134 sqq.
267 2064 304 2130 ef.
322 2063 421 2118 Festus
435 2081 456 2118 s.
466 2081 491 2119 v.
502 2063 638 2118 sororium
651 2063 777 2133 tigillum
790 2063 837 2132 (M.
854 2083 881 2133 p.
898 2066 959 2132 105)
979 2080 1043 2118 oum
1057 2105 1063 2118 .
1076 2105 1099 2116 ..

77 2135 218 2190 Horatius
249 2135 345 2190 noster
374 2137 568 2203 exsuperasset
594 2135 738 2204 victorque
766 2135 880 2189 domum
906 2137 1101 2202 reverteretur,

77 2207 166 2260 obvia
185 2222 262 2260 soror
281 2204 394 2275 cognita
411 2209 501 2260 morte
520 2206 615 2275 spousi
634 2205 678 2259 sui
700 2205 796 2260 fratris
814 2223 900 2260 mano
919 2205 1004 2259 ocoisi
1024 2221 1102 2259 aver-

78 2281 144 2332 sata
174 2277 219 2331 est
245 2276 305 2330 eius
330 2276 468 2347 osculum,
496 2294 551 2346 quo
574 2277 687 2331 nomine
705 2277 840 2331 Horatius
862 2276 1006 2331 interfecit
1029 2292 1100 2330 eom.

77 2351 112 2416 ef.
133 2346 195 2402 Liv.
215 2347 228 2401 I
249 2353 297 2415 26,
321 2353 401 2418 ispo.
426 2347 471 2404 eui
498 2364 576 2402 soror
602 2348 694 2432 virgo,
722 2365 795 2418 quae
822 2348 963 2418 desponsa
989 2349 1040 2402 uni
1067 2363 1101 2400 ex

79 2417 218 2542 Ouriaffiis
236 2419 339 2486 fuerat,
358 2418 440 2472 obvio
454 2419 522 2486 fuit3
591 2419 724 2474 flebiliter
786 2420 900 2474 nomine
919 2436 1100 2489 sponsum

79 2507 158 2560 appe
181 2491 219 2544 at.

152 2567 252 2630 1oeqq.
270 2562 306 2629 ef.
325 2560 383 2616 liv.
402 2561 416 2614 Ι
435 2567 478 2628 261,
498 2567 531 2614 10
556 2577 640 2615 senex
659 2603 664 2615 .
681 2604 687 2615 .
705 2605 709 2616 .
730 2561 822 2630 spolia
840 2561 1029 2616 Curiatiorum
1047 2563 1102 2617 fixa
1174 2597 1175 2601 =

80 2649 113 2687 eo
133 2631 209 2700 loeo,
227 2631 276 2700 qui
294 2649 370 2686 nuno
387 2632 448 2702 pila
466 2632 586 2687 Horatia
604 2631 773 2702 appellator,
793 2635 944 2688 ostentans.

81 2709 186 2828 Tuum
205 2705 241 2770 ef.
260 2703 347 2757 Lini
366 2709 413 2773 26,
432 2709 513 2774 tsqq.
526 2705 626 2774 raptus
645 2704 675 2757 in
697 2705 741 2757 ius
756 2704 793 2758 ad
811 2719 907 2772 regem
919 2707 931 2758 '.
943 2748 967 2758 ..
988 2706 1102 2759 auctore

152 2791 176 2828 o.

154 2851 252 2915 1‘1eqq.
271 2846 307 2913 ef.
326 2845 425 2900 Festos
445 2847 494 2902 le.
512 2846 716 2916 damnatusque
730 2846 892 2915 provocavit
906 2845 943 2898 ad
956 2845 1100 2914 populum.

80 2983 299 2994 ...-——-—=

153 3102 167 3150 1
197 3044 382 3152 utussCleS
454 3101 471 3149 4
496 3097 617 3166 ααῑῑαῠαα
636 3096 702 3150 Nlo·
725 3096 801 3150 verbi
821 3093 1105 3164 propositionibusO

84 3169 116 3220 ia
129 3167 242 3222 siniam
256 3183 341 3237 maro.
358 3167 538 3235 Kodeoripoit
609 3165 799 3221 SathibetO
843 3168 898 3229 ¹loe.
913 3170 932 3221 2
946 3167 1038 3236 αα-Ι-
1053 3183 1101 3221 αα.

86 3239 136 3293 lire.
154 3241 188 3308 -Ι-
212 3243 230 3293 4
252 3255 301 3293 em.
321 3263 355 3284 ·-··
378 3241 415 3292 33
442 3239 494 3294 litt.
523 3241 554 3294 ἐκ
580 3244 631 3293 τοῦ
660 3238 759 3304 ὁμοίου
785 3236 987 3305 παραδείγματι
1015 3255 1102 3306 κεκρι-

87 3364 182 3434 pope
263 3310 449 3419 θψὲιέὰθδθ
531 3368 563 3415 11
587 3363 766 3432 probatan
836 3361 1036 3418 meruisses*

88 3491 122 3540 12
144 3437 298 3544 occissis
380 3493 414 3541 14
437 3486 511 3560 (id)
534 3503 578 3542 mo
660 3491 692 3541 15
721 3485 898 3541 (innatorum
922 3487 986 3541 Orno
1010 3487 1103 3553 (aiei),

88 3627 156 3666 corr.
170 3612 203 3668 st
256 3611 391 3668 oratioe
427 3663 429 3669 ,
467 3617 500 3666 17
520 3560 686 3669 catino
736 3557 1019 3683 ruiiunplt't'ltlm
