2554 3978
160 223 204 287 94
560 222 632 277 PRO
657 221 779 276 SESTIO

160 394 293 472 gretuto
320 393 448 470 populus
476 393 631 467 acciperet.
677 391 735 450 Per
758 391 815 450 hoc
842 391 936 468 igitur
965 389 1003 448 ab
1027 408 1062 448 eo
1087 389 1180 448 demi·
1276 405 1277 408 ¹

159 484 234 540 nuta
256 483 418 559 vectigalia
441 482 625 540 criminatur.

61 587 76 647 ς
97 585 139 635 56.
225 580 467 657 Brogitarum.

226 668 270 727 De
293 669 350 728 hoc
372 670 434 726 iam
456 667 574 727 locutus
598 685 671 726 sum.

225 767 380 825 Reducti
403 765 523 825 exules
546 766 772 842 Byzantium.
1209 782 1221 820 s

224 855 288 915 Hos
325 857 417 913 etiam
453 854 519 932 lege
555 874 610 914 sua
640 857 835 914 revocaverat
867 852 1002 928 clodius,
1039 856 1179 930 quamvis

158 947 285 1005 fuissent
310 946 375 1002 iure
403 943 547 1003 damnati.
672 945 767 1022 igitur
874 944 1000 1021 ingessit
1031 943 1180 1001 invidiam

157 1036 312 1093 restitutos
339 1036 412 1092 tunc
448 1052 511 1107 eos,
545 1034 599 1108 qui
626 1033 761 1091 damnati
788 1033 922 1111 legitime
949 1033 1082 1106 fixerant,
1110 1050 1180 1090 cum

157 1125 221 1199 ipse
244 1123 433 1181 indemnatus
458 1121 560 1183 Cicero
582 1125 615 1181 in
638 1123 761 1180 exilium
784 1123 890 1181 fi1iseet
912 1123 1031 1180 eiectus.

61 1226 137 1286 §57-
224 1219 466 1293 Ptolemaeus,
507 1221 568 1296 qui
608 1221 639 1278 si
679 1219 834 1279 nondum
875 1220 953 1278 erat
994 1237 1012 1277 a
1049 1221 1179 1278 senatu
1195 1235 1221 1274 ro

158 1312 277 1370 socius
302 1309 523 1386 appellatus,
547 1311 625 1367 crat
642 1311 762 1367 tamen
785 1309 901 1367 frater
924 1309 1008 1366 eius.
1269 1322 1273 1370 l

308 1407 388 1465 hunc
420 1409 511 1465 etiam
543 1405 748 1465 Ptolemaeum
783 1425 884 1484 regem
916 1403 1009 1482 Cypri
1047 1406 1180 1464 amicum

157 1496 377 1574 quodammodo
405 1514 424 1554 a
451 1497 556 1554 senatu
584 1495 769 1572 appellatum
798 1496 902 1569 fuisse,
935 1493 1178 1570 quandoquidem

157 1587 251 1645 frater
283 1587 360 1659 eius,
392 1586 446 1660 qui
477 1586 509 1642 in
540 1583 681 1662 Aegypto
712 1583 872 1662 regnabat,
909 1585 1083 1642 consecutus
1115 1584 1178 1641 iam

158 1676 309 1734 societatis
333 1676 364 1733 et
386 1674 537 1732 amicitiae
559 1672 703 1731 honorem
725 1674 884 1733 videretur.
926 1673 1052 1730 Parente
1076 1673 1178 1730 autem
1194 1689 1220 1727 ιε

156 1765 344 1842 rogationem
368 1760 472 1820 Clodio
500 1761 687 1839 publicatum
714 1763 813 1821 fuerat
840 1764 902 1822 eius
930 1781 1069 1840 regnum,
1096 1761 1179 1836 quod

158 1853 306 1911 diceretur
329 1850 366 1910 ab
390 1870 424 1910 eo
447 1853 562 1927 piratas
585 1851 730 1910 adiuvari.

224 1949 272 2008 Ut
294 1949 420 2008 sedens
444 1967 520 2008 cum
543 1968 703 2026 purpura
726 1951 761 2007 et
784 1951 935 2025 sceptro.

224 2043 422 2121 Δεινότερον
441 2047 538 2106 facere
554 2047 652 2105 voluit
670 2048 836 2123 exprimens
854 2047 1042 2105 maiestatem
1060 2046 1177 2124 regiam

156 2156 211 2214 per
241 2139 308 2212 ipsa
339 2135 459 2195 habitus
492 2137 683 2209 liniamenta,
715 2154 791 2212 quae
817 2135 1004 2194 venerationi
1032 2152 1094 2194 esse
1127 2134 1177 2194 de·
1192 2149 1219 2189 ro

156 2226 284 2285 buerint.
511 2213 522 2238 '

61 2318 137 2378 558·
224 2313 443 2374 Antiochum
464 2313 638 2391 Magnum.

223 2403 282 2462 Hic
317 2405 414 2463 victus
451 2421 469 2461 a
501 2402 534 2460 L.
563 2401 702 2479 Scipione
735 2403 925 2480 angustiores
962 2403 1054 2460 eliam
1090 2404 1177 2480 regni

156 2492 265 2552 habere
288 2492 431 2551 terminos
453 2492 550 2551 iussus
574 2492 626 2550 est.
676 2506 679 2512 ·

60 2585 136 2645 §oa
269 2579 353 2639 Cum
398 2579 548 2639 videant
592 2598 655 2655 per
699 2579 885 2638 tribunum
935 2578 1092 2655 aliquem
1142 2582 1218 2638 etas

157 2674 338 2732 sescentas
363 2687 497 2744 operas.

223 2898 257 2946 23
286 2892 340 2946 cic.
360 2909 411 2961 pro
430 2890 520 2945 Deioc.
540 2890 605 2944 xm
624 2897 657 2944 ee
686 2853 811 2958 uuna,
836 2889 860 2944 u
878 2889 1034 2945 Ancaeus
1054 2890 1176 2961 ungnes
1274 2919 1275 2928 r

155 2963 218 3031 illo,
240 2979 288 3018 rex
305 2963 403 3029 Asiae,
428 2980 505 3029 eum,
528 2965 715 3032 posteaquam
738 2977 755 3014 a
773 2961 803 3016 L.
824 2961 954 3031 Scipione
977 2962 1104 3017 devictus
1123 2966 1175 3028 eet,

156 3035 248 3089 Tauro
266 3037 348 3088 tenue
366 3050 485 3104 regnare
502 3033 595 3088 iussus
614 3035 695 3100 eeeet,
716 3076 779 3087 ....

223 3253 239 3300 3
267 3246 414 3315 Brogitaro
442 3247 519 3302 codd.
539 3248 594 3302 Cic.
704 3252 719 3300 ⁷
746 3248 796 3302 loc.
815 3252 833 3302 3
852 3250 885 3317 -{-
910 3254 993 3302 Icm.
1008 3274 1042 3292 =
1063 3253 1096 3301 11
1121 3249 1173 3303 liti

155 3319 374 3384 παραδείγμαει1
461 3320 511 3371 lac.
530 3318 581 3388 3¹]⁴
602 3320 635 3387 -l-
655 3317 706 3388 1¹l,
726 3335 776 3372 cm.
791 3345 825 3364 =
844 3323 879 3373 13
899 3320 949 3374 litt.
972 3321 1004 3372 ἐκ
1022 3324 1074 3372 τοῦ
1094 3321 1173 3374 {vev—
1273 3317 1274 3320 ’

156 3389 238 3442 doc?
351 3392 384 3440 10
415 3387 595 3442 Prolemaeue
624 3391 648 3444 0
755 3395 788 3441 12
822 3391 871 3444 lac.
899 3390 949 3460 4¹f,
979 3391 1013 3457 -l-
1043 3389 1093 3460 Pl,
1121 3407 1173 3444 ceu

157 3458 315 3512 =14litt
340 3461 395 3512 ἀπὸ
418 3464 469 3512 τοῦ
493 3459 610 3523 ὁμοίουῖ
697 3464 731 3512 13
759 3462 887 3514 senatum
911 3461 935 3516 0
1016 3465 1049 3512 17
1078 3459 1114 3512 ad
1139 3475 1173 3513 eo
1273 3477 1274 3502 ἐ

159 3529 182 3582 U
252 3532 284 3580 le
313 3545 453 3595 εινοτερον
477 3535 628 3583 atramnto
651 3532 746 3585 sono
825 3536 859 3584 20
885 3530 1052 3584 ueneration
1074 3530 1098 3585 0

158 3597 286 3650 deberint
306 3600 330 3653 0
350 3598 484 3651 deberent
507 3615 563 3664 mc,
581 3616 648 3654 corr.
667 3600 704 3654 Or
795 3607 829 3654 24
857 3591 905 3671 ΙὲΙΙ
