2554 3978
184 229 246 293 116
568 227 609 281 IN
627 227 812 282 VATINIUM

180 400 216 456 ut
239 398 323 458 salvo
345 398 457 456 honore
480 397 562 457 iilius
587 399 618 456 et
644 399 721 457 citra
743 397 886 456 offensam
909 398 967 456 viri
993 398 1082 456 buius
1102 397 1193 473 priva-

180 489 238 546 tim
260 505 387 563 persona
410 486 556 546 laedatur.
601 486 704 546 Etiam
731 487 822 546 simul
849 486 953 546 decore
1056 487 1196 546 locutioni

182 578 358 635 ornamenta
381 577 518 651 quaesita
541 578 620 649 sunt,
644 595 712 635 oum
734 577 779 634 ita
802 575 898 635 dicat:

249 662 448 741 Omniaque
480 683 557 724 mea
588 665 663 723 tela
695 666 747 723 sio
779 666 816 722 in
847 667 882 723 te
915 665 1134 739 coiciantur,
1163 667 1195 721 ut
1258 703 1259 706 ,

181 773 282 813 nemo
301 773 363 830 per
380 756 481 813 tuum
499 755 610 826 latus,
629 754 724 829 quod
741 754 835 813 soles
855 754 988 827 dicere,
1007 755 1195 812 saucietur.
1214 769 1222 810 a
1258 763 1259 796 1

249 843 285 902 Id
313 845 370 902 est:
404 841 453 901 Sic
480 844 513 900 in
539 845 570 901 te
592 842 645 901 fiet
667 844 811 916 invectio,
843 861 879 900 ne
907 842 1040 918 quidde
1066 841 1195 903 Caesaris

182 934 294 992 honore
316 933 479 990 minuatim

85 1027 164 1090 514.
251 1021 315 1095 Tu,
339 1022 401 1097 qui
419 1023 457 1080 te
480 1021 747 1098 Pythagoreum
769 1021 864 1079 soles
889 1020 1018 1080 dicere.

248 1109 314 1168 Hoc
351 1111 451 1185 ipsum
487 1109 660 1185 plenissime
696 1110 840 1187 purgavit
876 1112 967 1184 atque
1003 1109 1141 1168 defendit
1174 1111 1198 1166 ct
1258 1121 1259 1136 *

181 1218 243 1258 non
265 1200 329 1257 sine
352 1198 441 1257 laude
468 1199 613 1273 praetulit
640 1200 673 1256 in
701 1217 735 1257 aa
764 1200 912 1272 oratione,
940 1217 1032 1274 quam
1058 1218 1117 1273 pro
1140 1200 1225 1272 ipson

82 1333 88 1346 .
181 1287 307 1347 Vatinio
340 1287 467 1346 scribere
500 1287 657 1366 adgressus
691 1289 743 1346 est.
798 1287 870 1346 Fuit
902 1289 1004 1346 autem
1035 1288 1100 1346 illis
1133 1289 1198 1346 tem·
1258 1278 1259 1286 ’

183 1377 304 1453 poribus
341 1377 482 1454 Nigidius
523 1376 660 1452 quidam,
700 1377 748 1435 vir
788 1376 924 1435 doctum
965 1379 996 1436 et
1037 1377 1199 1436 eruditione
1258 1389 1259 1408 ¹

183 1466 352 1524 studiorum
381 1467 671 1541 praestantissimus,
704 1464 743 1524 ad
774 1484 865 1540 quem
895 1467 1021 1541 plurimi
1048 1467 1200 1526 convenie-
1258 1479 1259 1532 1

183 1554 264 1614 bant.
313 1554 396 1614 Haec
428 1553 466 1613 ab
496 1553 745 1614 obtrectatoribus
773 1555 869 1614 veluti
898 1555 978 1614 actio
1005 1556 1107 1614 minus
1141 1573 1200 1631 pro·
1258 1567 1259 1604 t

182 1643 292 1702 babilis
319 1643 528 1717 iactitabatnr,
561 1645 697 1719 quamvis
729 1645 790 1720 ipsi
821 1643 1011 1722 Pythagorae
1043 1647 1199 1703 sectatores
1211 1660 1227 1700 a
1258 1659 1259 1693 1

184 1734 351 1791 existimari
373 1733 493 1791 vellent.
1258 1747 1259 1768 ³

251 1820 428 1896 Auspicia
452 1823 696 1882 contemseris.

251 1908 317 1968 Iam
340 1909 454 1970 dictum
477 1912 525 1969 est
546 1913 684 1970 servante
703 1911 740 1969 de
758 1911 840 1970 caelo
858 1910 968 1970 Bibulo
987 1911 1110 1970 conside
1130 1912 1201 1969 hunc
1258 1925 1259 1960 1

83 2047 89 2058 ,
184 1999 342 2058 Vatinium
364 1998 461 2077 legem
483 1999 589 2058 tulisse
611 1999 648 2058 de
671 2001 797 2075 imperio
817 1997 962 2074 Caesaris,
985 2001 1019 2056 ut
1043 2001 1202 2059 exercitum

181 2090 216 2147 et
237 2087 394 2163 Illyricum
417 2090 447 2147 et
470 2087 584 2147 Gallias
607 2088 648 2147 dn
756 2091 843 2148 caret.
1212 2105 1229 2144 a

86 2183 165 2245 515.
252 2174 409 2235 Primum
445 2196 590 2252 quaero,
627 2198 708 2236 num
744 2179 890 2236 senatui
926 2194 1070 2236 causam
1108 2180 1202 2236 tuam

185 2267 391 2342 permittas,
414 2266 508 2342 quod
530 2266 622 2324 facit
647 2264 784 2326 Caesar.

252 2354 367 2413 Eadem
392 2356 509 2414 ratione
536 2374 597 2430 qua
624 2373 715 2430 supra
742 2355 810 2414 uult
836 2356 1065 2414 insectationem
1087 2354 1203 2414 Vatinii

185 2463 245 2502 non
265 2445 415 2519 pertinere
434 2443 473 2502 ad
486 2445 700 2503 contumeliam
714 2442 859 2503 Caesaris.
893 2441 1092 2510 Commiserat
1107 2447 1203 2504 autem

185 2533 304 2592 senatui
327 2550 449 2591 causam
469 2551 555 2593 suam
574 2530 605 2591 O.
622 2531 739 2606 Caesar,
762 2532 794 2591 id
817 2535 870 2606 est,
894 2536 929 2591 ut
947 2533 982 2591 de
1000 2533 1067 2610 lege
1087 2534 1232 2610 agrarias

185 2624 286 2697 patres
305 2622 481 2680 iudicarent.
509 2620 557 2680 Iti
575 2623 656 2680 enim
669 2622 791 2681 habitae
805 2624 875 2680 sunt
892 2624 953 2680 tres
970 2623 1041 2679 illae
1057 2623 1204 2680 orationes

187 2713 291 2770 contra
312 2710 481 2769 Domitium
504 2713 534 2769 et
554 2710 736 2769 Memmium.
778 2711 857 2769 Male
880 2710 939 2770 sibi
962 2730 1032 2788 ergo
1056 2712 1204 2770 conscium

186 2800 345 2858 Vatinium
362 2799 526 2877 redarguit,
549 2802 602 2876 qui
621 2799 657 2857 de
675 2799 763 2859 rebus
782 2799 820 2858 ab
838 2819 869 2862 se
889 2801 981 2878 gestis
999 2801 1032 2858 in
1050 2799 1205 2859 tribunatu

187 2889 316 2948 iudicem
339 2891 476 2947 senatum
499 2888 607 2948 habere
630 2908 691 2947 non
714 2888 832 2948 audeat.

91 2983 167 3046 516.
255 2978 304 3036 Ex
327 2979 374 3037 iis
398 2980 516 3052 erant,
544 2996 631 3053 quos
660 2977 796 3038 cotidie
824 2977 965 3037 sciebas
993 2995 1139 3037 servare
1167 2978 1234 3036 deo

188 3067 296 3127 caelo.

257 3190 270 3235 1
287 3184 366 3252 eth
378 3184 412 3236 ut
422 3184 486 3237 Orno
549 3189 565 3236 2
580 3183 664 3237 decor
679 3183 752 3249 Grac,
766 3199 835 3236 corr.
845 3181 879 3237 st
914 3183 964 3237 tuo.
974 3187 1050 3237 dem.
1061 3209 1096 3228 -ε
1112 3188 1146 3238 10
1155 3184 1203 3237 ba.

189 3260 345 3323 μεταφορᾷ,
360 3255 406 3308 cui
418 3254 497 3307 uerbo
509 3255 662 3323 molendo
672 3255 768 3322 primo
782 3255 874 3309 littero
887 3254 1153 3310 accendendam

190 3323 323 3376 3dicant
342 3324 376 3388 Ο,
399 3340 467 3378 corr.
484 3324 522 3378 Or
598 3325 755 3392 4quan
829 3325 1140 3407 8Pythogoraenm0

191 3397 225 3445 10
242 3391 363 3532 partulit
379 3409 423 3446 rao
496 3400 528 3448 17
547 3395 714 3464 auspicioO
782 3400 817 3450 20
835 3412 887 3464 per
899 3396 1043 3465 illyricum
1057 3399 1087 3451 et
1100 3395 1204 3450 Galliae

190 3479 234 3516 mo
326 3479 357 3514 in

190 3531 296 3613 habere
315 3532 342 3585 ei
359 3461 541 3612 dagbyrdtqeum
557 3468 593 3588 {t
609 3464 873 3593 §ffituflgffiffl
926 3465 1205 3594 111ξὲζῇξῇῊέοω

192 3607 227 3654 26
245 3602 320 3656 bio
370 3601 462 3658 illoc
532 3609 566 3658 30
586 3604 622 3658 iis
640 3607 697 3660 tres
716 3608 797 3662 erant
815 3625 885 3676 quoe
903 3611 936 3663 tn
953 3609 1030 3664 codd.
1045 3611 1102 3664 Cic.
