2584 3978
325 727 578 802 excusem
605 727 863 802 acernusm

305 849 520 953 (sononia
548 848 878 952 suencuam)

241 997 297 1055 AD
325 995 482 1058 ACTION.
506 997 551 1058 IN
573 997 739 1056 VERREM
765 998 797 1057 Π
824 997 900 1058 LIB.
922 997 945 1055 Ι.

151 1308 204 1324 ...
223 1283 332 1340 ponere
355 1265 418 1324 sine
440 1265 501 1324 illis
520 1264 664 1324 lccaiibus
683 1265 785 1324 fateris
803 1265 909 1324 melius
929 1267 982 1324 est.
1018 1263 1098 1323 Nam
1117 1271 1132 1330 ς
1151 1270 1195 1318 45.

82 1356 169 1414 tanto
215 1354 312 1412 maior
355 1353 427 1414 fides
473 1353 641 1429 adquiritur
682 1356 792 1414 nostris
833 1353 1099 1427 criminationibus,

84 1445 198 1518 quanto
225 1442 361 1502 videmur
387 1443 544 1521 tragoedia
570 1444 780 1518 praetermissa
802 1443 897 1502 veluti
924 1443 1005 1502 nuda
1031 1461 1099 1518 pro·

83 1533 233 1607 positione
257 1550 318 1591 esse
341 1533 481 1591 contenti.
518 1532 619 1592 Velim
641 1534 742 1592 tamen
765 1534 796 1591 et
817 1533 850 1590 in
872 1533 928 1592 hac
951 1531 1099 1591 brevitate

58 1640 71 1680 s
83 1621 247 1696 perspicias
279 1639 339 1679 non
369 1620 469 1680 abesse
502 1619 650 1681 Ciceronis
683 1621 815 1681 studium
846 1620 903 1694 τῆ(
931 1615 1098 1694 αὐξήεεωε.

84 1710 119 1768 Id
148 1711 228 1771 enim
256 1711 330 1786 egit,
362 1712 397 1769 ut
424 1711 561 1785 quamvis
588 1712 766 1786 proponeret
793 1704 967 1788 (tantum),
998 1713 1100 1768 tamen

86 1799 280 1858 acerbitatem
302 1799 375 1858 mali
402 1798 542 1858 facinoris
566 1799 728 1858 extolleret.
774 1799 878 1874 Ignem
904 1800 1099 1874 peremerat

85 1887 206 1947 dixisse:
230 1887 356 1947 subiecit
374 1904 408 1946 aa
427 1888 515 1962 Qais
533 1889 687 1956 viridibus,
706 1888 785 1963 quod
804 1889 849 1948 est
866 1887 1098 1960 intolerabiiius3
1145 1953 1150 1956 ,

86 1975 202 2035 addidit
242 1977 334 2035 etiam
377 1977 500 2046 maces,
541 1995 599 2052 quo
644 1978 767 2053 spiritus
808 1978 904 2055 magis
945 1978 1099 2054 magisque

44 2084 71 2126 ao
84 2065 197 2124 auferri
229 2065 317 2140 solet3
354 2066 542 2141 superposuit
572 2068 606 2125 to
636 2067 696 2126 ioco
728 2070 864 2140 aguam,
898 2065 949 2124 ubi
982 2065 1100 2125 densior

84 2155 184 2214 fumus
227 2155 341 2212 animas
386 2155 556 2214 haurientes
601 2156 696 2232 urget.
764 2153 836 2214 Post
880 2155 953 2214 haee
981 2153 1099 2222 ¹deinde

82 2244 191 2302 intulit
218 2244 362 2302 tombam
387 2245 547 2318 macaron
574 2243 665 2312 dorni,
696 2244 833 2318 cottion,
859 2262 893 2317 p.
920 2243 957 2302 Ii.
989 2245 1100 2303 socium
1186 2277 1188 2279 -

81 2337 170 2406 utque
215 2334 354 2400 maioma,
398 2333 480 2405 focio
525 2334 720 2392 mosamius
763 2334 935 2392 commemo
974 2333 1099 2406 redigerit

81 2422 208 2495 Totum,
250 2422 277 2479 si
316 2421 465 2499 gradatim
506 2419 684 2494 consideres,
726 2415 893 2494 αὐξητικὸν
934 2422 986 2481 est.
1059 2421 1100 2480 Et

45 2528 68 2569 u
81 2511 282 2569 nihilominus
316 2511 397 2570 visus
434 2511 479 2570 est
510 2511 628 2568 tantum
659 2511 861 2586 proposuisse,
896 2529 957 2570 non
990 2512 1020 2569 et
1052 2529 1099 2568 ex-

82 2617 250 2678 aggerasse,
274 2617 340 2658 cum
362 2597 512 2658 robustius
530 2617 591 2657 non
608 2600 742 2674 potuerit
760 2617 876 2676 augere.
912 2599 970 2673 Ita,
993 2600 1019 2658 si
1036 2617 1101 2658 rem

81 2691 208 2765 spectes,
222 2706 332 2765 magna
345 2689 432 2764 copia
446 2689 499 2760 est,
518 2688 544 2746 si
557 2687 649 2746 verba
661 2707 806 2761 numeres,
825 2706 941 2748 summa
959 2687 1099 2746 brevitas.

150 2777 274 2851 anue
309 2777 346 2836 in
382 2777 584 2836 onerariam
621 2795 746 2838 narem
777 2794 876 2838 suam
912 2776 1195 2837 coiciendadffi·

83 2867 237 2925 curavit.

44 2972 69 3012 ao
152 2953 278 3030 Oopiam
299 2955 473 3029 rapinarum
496 2956 526 3013 et
544 2955 696 3032 signorum
713 2953 938 3012 multitudinem
956 2953 991 3012 de
1010 2953 1097 3014 modo

82 3046 170 3103 navis
194 3042 337 3117 ostendit3
360 3044 479 3118 quippe,
503 3044 529 3101 si
552 3043 590 3102 ad
612 3043 685 3102 haec
707 3044 804 3118 spolia
821 3043 927 3118 templi
946 3043 1099 3102 evehenda

83 3133 221 3192 oneraria
248 3133 333 3192 navis
362 3131 482 3191 admota
506 3134 570 3205 est,
604 3134 729 3208 apparet
757 3132 910 3206 quantitas
938 3133 1035 3191 oneris
1063 3132 1098 3192 de

83 3222 163 3280 alvei
187 3219 401 3300 magnitudine.

151 3415 165 3462 1
182 3423 337 3477 proponere
350 3408 383 3464 st
454 3415 469 3462 2
484 3409 624 3478 qnandos
687 3408 780 3474 tfort.
795 3409 901 3476 quanto
911 3406 1045 3480 (magis)

84 3483 254 3548 ὅαύξηεεο(
268 3479 296 3535 O
366 3479 435 3533 oid
454 3481 529 3534 enim
547 3480 592 3538 St.-
609 3479 728 3534 idemO
779 3481 891 3532 tantum
916 3480 1022 3534 inerat
1039 3479 1097 3534 coli.

83 3567 108 3604 o.
123 3556 158 3606 15
235 3555 267 3606 10
287 3551 385 3620 augeri
400 3551 433 3617 0,
452 3568 520 3606 corr.
535 3553 592 3606 Leo
665 3557 697 3604 11
716 3552 830 3620 urgeret
846 3551 878 3616 O,
897 3565 964 3606 corr.
981 3551 1038 3604 Leo

86 3622 218 3692 lip‘rG'
288 3626 395 3676 1611011
413 3621 516 3678 aelst
586 3620 756 3677 aaalbeio

137 3720 232 3762 Scholia
245 3719 369 3762 Bobiansta
383 3721 418 3762 ed.
432 3721 595 3762 Hildebrandt.
727 3747 730 3755 ‹
925 3713 938 3761 1
