2584 3978
182 195 204 260 4
485 193 524 247 ru
546 193 576 251 c.
590 193 745 248 vaauen
767 193 845 252 Aer.
865 195 891 248 11

97 368 173 432 §5³-
251 363 434 423 Plaustris
458 366 585 423 avecta
608 366 871 441 exportataque
894 381 978 424 esse,

249 452 529 512 Animadvertamus
567 453 725 529 plerasque
758 453 838 529 apud
864 452 904 512 M.
927 452 1062 511 Tullium
1093 471 1199 528 conpo-

183 543 305 602 sitiones
333 561 393 602 non
420 541 570 616 lascivire,
600 542 651 602 sed
679 542 718 600 ad
740 541 870 619 rigorem
896 541 1060 602 vetustatis
1087 541 1199 600 inferri.

184 630 269 702 Quod
301 631 401 690 autem
431 632 582 706 pertineat
617 631 656 689 ad
688 631 832 690 virtutem
867 631 962 706 partis
999 631 1107 705 buius,
1143 649 1201 689 non

183 721 288 779 intulit
307 720 484 778 nominatim
497 720 592 797 signa,
610 721 686 797 quot
704 719 863 780 abstulisse
877 718 1018 795 Aspendo
1031 718 1200 792 videbatur,
1223 737 1232 776 s

184 808 235 870 sed
264 828 332 869 cum
359 809 538 886 generaliter
564 808 687 868 dixisset
712 810 850 882 plostris,
883 810 926 868 ait
954 813 1107 882 reportata
1135 825 1201 876 asse,

184 900 218 958 ut
250 898 286 958 de
314 899 460 973 qualitate
486 898 690 958 vehiculorum
718 899 876 974 appareret
902 897 1065 958 multitudo
1099 917 1201 958 eorum

185 1007 260 1065 quae
283 987 404 1062 plostris
428 989 533 1046 avecta
556 988 623 1048 sint.

251 1084 470 1160 Aspendium
493 1085 733 1144 citharistam.

252 1173 451 1233 Simulacrum
474 1173 547 1233 dicit
573 1174 663 1233 huius
686 1173 859 1233 citharistae
887 1173 1044 1233 abstulisse
1067 1173 1201 1232 Verrem.
1216 1191 1237 1231 ro

185 1262 288 1322 Fuisse
307 1265 407 1322 autem
425 1263 521 1321 fertur
537 1264 641 1322 tantae
659 1262 846 1337 subtilitatis,
864 1265 898 1322 ut
916 1281 976 1322 non
995 1264 1096 1320 exerta
1111 1281 1202 1321 manu
1270 1231 1271 1296 t

186 1370 290 1412 nervos
318 1353 450 1411 citharae
473 1351 641 1428 inpelleret,
669 1351 721 1412 sed
746 1370 891 1427 perquam
914 1351 1038 1410 occultis
1062 1351 1202 1423 motibus,

186 1461 221 1502 ac
239 1442 396 1516 propterea
414 1440 641 1516 proverbialiter
659 1439 756 1500 dictis
775 1442 820 1499 est
838 1436 884 1498 ‘in
902 1459 932 1499 se
951 1435 1070 1500 canere’
1085 1439 1202 1499 solitus.
1272 1415 1273 1470 l

187 1530 342 1605 Simulque
378 1531 479 1590 orator
515 1525 702 1603 χαριέντως,
743 1534 777 1588 at
815 1530 900 1588 illurn
940 1531 1052 1602 ipsun,
1092 1530 1203 1604 inquit
1273 1508 1274 1560 l

187 1620 312 1690 artificio
334 1635 487 1692 superasse
508 1619 644 1678 videatur
670 1618 854 1678 callidiorem
876 1618 1017 1677 videlieet
1043 1618 1203 1677 ostendens
1218 1636 1239 1676 u
1274 1600 1275 1656 l

186 1707 264 1766 hune
287 1709 319 1764 iu
342 1706 467 1767 furando
491 1726 581 1783 quam
603 1708 745 1766 illumin
767 1707 929 1783 psallendo.
1275 1689 1276 1754 l

101 1807 177 1868 554·
255 1803 362 1879 Quae,
385 1805 528 1879 malum,
553 1808 607 1864 est
629 1806 701 1864 ista
724 1805 876 1864 audacia
895 1807 1002 1881 atque
1023 1802 1203 1863 amentia?
1276 1781 1277 1832 l

254 1885 303 1952 Ne
325 1894 499 1972 infrigescat
516 1896 645 1970 impetus
665 1895 871 1969 accusationis,
893 1897 1054 1972 postquam
1072 1892 1204 1952 breviter
1277 1874 1278 1948 l

189 1984 284 2042 multe
314 1985 483 2058 proposuit,
516 1983 609 2042 adicit
634 1983 714 2042 locos
737 1983 925 2042 vehementes
958 1983 996 2042 ad
1024 1983 1204 2060 augendum,
1277 1965 1279 2074 l

190 2075 223 2130 ut
242 2072 337 2145 iudex,
355 2075 516 2147 postquam
530 2072 677 2145 didicerit,
694 2072 908 2148 inflammetur,
927 2073 1108 2150 congregata
1124 2073 1206 2130 enim
1219 2085 1247 2130 ao·
1278 2081 1279 2106 ³

190 2161 297 2219 debent
319 2179 382 2220 esse
403 2160 477 2219 haec
499 2161 597 2220 officia
616 2162 741 2220 dicentis
760 2163 790 2219 et
808 2162 935 2220 maxime
954 2163 986 2218 in
1005 2162 1205 2220 accusationi-

190 2249 258 2323 bus,
281 2251 315 2308 ut
337 2247 539 2328 indignationi
561 2251 643 2310 calor
665 2250 837 2309 subiciatur.

256 2346 378 2422 Neque
401 2349 437 2405 in
460 2347 664 2406 suburbana
688 2350 889 2407 amicorum.

257 2435 450 2495 Hortensium
476 2438 634 2512 praecipue
661 2435 780 2495 videtur
806 2435 987 2514 significare,
1020 2437 1072 2511 qui
1100 2436 1207 2495 huius-

191 2525 273 2584 modi
304 2526 397 2602 signis
430 2528 460 2584 et
490 2524 601 2584 tabulis
638 2527 727 2601 pictis
764 2525 954 2584 familiariter
990 2524 1205 2584 delectabatur.
1221 2544 1245 2584 re

191 2614 227 2674 Id
258 2613 444 2673 manifestius
477 2615 509 2671 in
538 2614 698 2673 Hortensio
731 2614 862 2674 ostendit
893 2614 1027 2692 dialogo:
1065 2613 1142 2673 Gara
1173 2617 1208 2672 ia

191 2705 263 2763 oilla
303 2703 424 2762 Laetili
459 2704 587 2762 *bellum
628 2707 699 2762 esset
739 2706 818 2762 orara
857 2708 1005 2777 apparate
1045 2705 1208 2764 camaris

192 2797 335 2852 ornatum.

193 2947 405 2957 ---.---

261 3038 274 3086 1
286 3034 383 3087 evecta
391 3032 467 3090 codd.
475 3032 528 3088 Gir.
566 3039 581 3086 2
592 3033 829 3088 animauertamus
840 3032 864 3088 0
897 3033 998 3124 equod
1010 3033 1039 3097 O,
1048 3048 1115 3088 corr.
1129 3031 1171 3086 Gr

195 3146 373 3216 eplestriO
442 3154 474 3202 12
505 3147 640 3218 inpellere
660 3149 696 3215 0,
718 3164 821 3202 corre
866 3115 1022 3211 mtlbusO
1089 3151 1122 3200 13
1143 3165 1210 3217 pro-

194 3218 289 3273 verbio
317 3218 400 3272 aliter
428 3219 460 3285 G,
492 3236 559 3276 corr.
587 3221 611 3274 I.
636 3221 671 3274 F.
698 3220 781 3274 Grec.
858 3219 934 3273 intus
962 3233 1061 3272 canere
1091 3218 1147 3273 ὅτε

196 3296 230 3344 14
257 3307 400 3357 χαριεντο(
419 3290 720 3355 0,corr.1.F.Groa.
790 3295 823 3344 le
846 3290 1020 3359 superaseO
1091 3295 1123 3343 1⁵1
1151 3290 1211 3344 ista

122 3429 123 3432 Ἴ
195 3362 276 3416 tanta
294 3359 369 3415 codd.
391 3360 444 3415 (lic.
499 3362 666 3416 ementito
745 3367 777 3416 21
805 3360 899 3416 officia
918 3360 1037 3416 dicentis
1060 3377 1094 3414 aa
1112 3359 1210 3415 officia

196 3435 225 3486 et
248 3431 367 3486 dicentis
390 3447 457 3487 corr.
479 3432 502 3486 G
578 3437 610 3484 21
634 3432 915 3488 rerumrerum.
969 3449 1033 3485 cum
1056 3433 1086 3484 in
1108 3432 1210 3486 villam

196 3503 306 3556 Luculli
328 3506 443 3556 venbrm
470 3505 543 3558 esset
566 3503 642 3556 omni
663 3503 767 3573 (omnia
787 3503 820 3572 0,
843 3521 909 3559 corr.
929 3503 1004 3557 LF.
1022 3503 1118 3572 Grou.)
1141 3519 1167 3556 a.
1182 3522 1209 3558 v.

197 3575 325 3626 ornatam
346 3573 464 3644 Madvig
