2584 3978
490 880 772 954 PRAEFATIO.

581 1041 688 1048 *φ’-

196 1151 294 1210 Codex
308 1150 557 1224 membranaceae,
575 1153 606 1210 in
626 1150 788 1226 quonobis
804 1154 923 1210 servata
941 1154 1011 1210 sunt
1028 1152 1142 1212 scholia

128 1241 167 1300 ad
186 1239 335 1300 Ciceronis
353 1241 502 1300 orationes
521 1241 689 1314 conscripta
706 1240 876 1314 Bobiensia,
895 1241 966 1300 olim
984 1243 1015 1300 in
1033 1240 1141 1300 biblio-

127 1330 214 1389 theca
240 1329 414 1388 monasterii
440 1327 596 1388 Bobiensis
624 1348 642 1389 a
667 1328 695 1388 S.
720 1327 904 1389 columbano
927 1331 1055 1404 septimo
1078 1349 1141 1390 sae-

128 1419 195 1478 culo
207 1419 364 1478 constituti
375 1410 526 1499 exstitit.¹)
543 1417 613 1494 Ipso
627 1417 730 1477 eodem
744 1419 861 1477 saeculo
876 1421 1002 1494 septimo
1018 1423 1142 1478 exeunte

127 1508 176 1568 vel
198 1510 305 1566 octavo
331 1509 452 1566 ineunte
479 1509 539 1566 tres
567 1506 683 1566 librarii
708 1506 818 1565 librum
846 1508 891 1566 ita
913 1510 1142 1582 constituerunt,

127 1599 163 1656 ut
185 1598 316 1656 actiones
339 1595 446 1672 synodi
465 1593 710 1655 Chalcedonensis
734 1598 765 1654 et
782 1600 977 1656 monumenta
995 1597 1034 1656 ad
1049 1597 1142 1656 histo·

127 1685 203 1745 riam
230 1685 313 1743 illius
340 1685 460 1744 concilii
486 1687 654 1759 spectantia
680 1685 875 1760 membranis,
899 1685 1005 1760 quibus
1030 1687 1142 1761 scripta

127 1776 253 1849 antiqua
279 1774 375 1832 latina
402 1772 643 1848 continebantur,
670 1773 774 1850 lautis,
802 1774 928 1848 abrasis,
956 1774 1060 1850 politis
1087 1775 1141 1832 im-

127 1866 279 1940 ponerent.
309 1863 409 1938 Atque
427 1854 576 1943 conatast)
600 1882 838 1938 unumquemque
858 1863 1015 1922 librarium
1034 1882 1069 1922 ex
1088 1882 1142 1922 suo

128 1953 237 2012 scrinio
260 1971 314 2012 sua
340 1953 544 2028 manuscripta
567 1954 700 2012 veterum
724 1953 899 2028 scriptorum
925 1951 1143 2028 deprompsisse

127 2043 182 2115 ita,
205 2045 240 2099 ut
261 2041 374 2115 primus
392 2040 550 2100 Frontonis
573 2041 709 2116 epistulis
727 2044 758 2100 et
775 2041 894 2101 scholiis
913 2041 952 2100 ad
972 2040 1142 2100 Ciceronem

127 2130 347 2206 pertinentibus
375 2148 485 2188 novum
512 2133 626 2188 textum
648 2131 813 2205 inponeret,
836 2130 980 2189 secundus
999 2127 1142 2204 Gothicis,

129 2218 259 2294 Arianis,
281 2218 392 2295 Persio,
409 2217 554 2292 iuvenali,
576 2220 683 2278 tertius
703 2217 889 2294 Symmacho
935 2219 1020 2278 Duae
1043 2223 1143 2296 partes

128 2308 218 2367 huius
250 2306 359 2366 codicis
388 2309 517 2366 exstant:
547 2326 607 2366 una
637 2327 715 2367 anno
742 2307 929 2366 MDOXVIII
956 2308 1083 2367 Romam
1111 2307 1144 2366 in

127 2395 340 2456 bibliothecam
354 2396 541 2470 Vaticanum,
560 2396 654 2455 altera
668 2396 869 2456 Mediolanum
884 2399 916 2455 in
931 2396 1143 2456 bibliothecam

127 2484 358 2544 Ambrosianam
376 2484 478 2544 ablata
497 2488 551 2558 est,
573 2487 664 2544 tertia
682 2487 735 2544 aut
752 2487 844 2560 periit
866 2487 921 2544 aut
938 2486 1035 2544 adhuc
1057 2484 1142 2545 latet.

128 2573 249 2632 Invenit
266 2573 296 2632 in
310 2575 358 2632 his
375 2574 512 2650 reliquiis
525 2573 596 2632 libri
609 2575 804 2651 manuscripti
819 2577 949 2634 veterem
964 2575 1142 2650 scripturam

128 2661 281 2738 ediditque
305 2663 464 2722 cardinalis
487 2662 620 2740 Angelus
643 2661 749 2722 Maius.

195 2751 241 2810 Ex
263 2753 319 2811 hoc
342 2751 442 2811 codice
459 2753 603 2826 rescripto
621 2770 700 2810 nunc
723 2751 818 2810 denuo
842 2750 954 2827 publici
972 2751 1046 2809 iuris
1067 2750 1144 2809 fiunt

127 2840 243 2900 scholia
269 2840 429 2900 Bobiensia
456 2840 494 2898 ad
523 2838 672 2900 Ciceronis
700 2842 848 2900 orationes
877 2842 1052 2916 conscripta.
1097 2839 1143 2898 De

126 2929 176 2987 his
199 2931 311 3004 optime
333 2931 474 2989 memisse
496 2929 624 3004 Maium,
651 2949 718 2988 cum
745 2948 781 2988 ea
808 2947 867 2987 non
895 2930 991 2989 solum
1018 2929 1141 3006 indaga-

202 3119 228 3186 1)
246 3115 288 3170 De
302 3116 356 3170 hoc
369 3116 466 3170 codice
480 3133 569 3185 nuper
581 3115 721 3170 uberrime
730 3116 790 3186 egit
803 3117 833 3170 et
847 3117 906 3169 eius
916 3118 1027 3185 partem
1036 3115 1142 3170 Romae

127 3190 269 3242 servatam
288 3187 425 3242 ediditP.
440 3187 705 3253 acerbissimae
723 3186 913 3242 bibliothecae
931 3187 1099 3256 praefectus,
1118 3203 1142 3239 v.

129 3259 268 3315 Oodt'ccae
286 3259 429 3314 Vaticanis
441 3259 530 3314 aelecti
538 3260 711 3328 pliototyptcc
724 3261 850 3326 expressi.
874 3260 924 3312 col.
941 3259 1006 3312 VII.
1036 3259 1142 3313 Medio-

127 3332 191 3386 lani
202 3329 410 3386 MD0000V1.
422 3361 455 3370 -
466 3331 538 3383 Ante
553 3345 617 3383 eum
630 3333 740 3398 partem
749 3329 988 3383 Mediolanensem
1001 3328 1143 3383 recensuit

126 3401 324 3468 Reifferscheid
341 3401 371 3454 in
389 3401 560 3457 Bibliotheca
575 3408 688 3469 patrum
707 3403 873 3456 Latinorum
892 3402 1002 3456 Italica.
1043 3401 1142 3455 Vindo-

126 3474 216 3528 honce
239 3477 324 3539 1871,
342 3473 389 3538 ΙΙ,
403 3476 513 3527 22-25
534 3475 613 3540 (ectr.
632 3489 678 3526 ecc:
701 3472 945 3542 Sitauaycbericbte
963 3473 1011 3526 der
1033 3472 1144 3526 Wiener

125 3544 220 3600 Asca
239 3543 365 3598 LXVII
380 3543 495 3614 [18⁷1]‚
514 3547 658 3612 mdccc).

202 3616 228 3684 2)
248 3615 342 3681 mate,
360 3615 377 3669 i.
396 3617 413 3670 i.
429 3631 495 3685 pap.
510 3618 554 3669 20.
