2584 3978
167 153 188 218 8
541 150 613 206 PRO
636 151 666 207 P.
687 151 802 206 SYLLA

78 327 156 389 511.
233 321 331 381 Duae
368 323 640 382 coniurationes
677 321 739 380 aba
780 323 827 396 te,
866 321 1059 396 Torquate,
1102 340 1185 381 oon-

166 411 381 470 stituuntur.

234 497 407 559 Coniuratio
450 499 561 558 diversi
601 499 718 576 generis
759 499 888 558 infertur
926 499 1079 577 geminata
1116 518 1184 576 pro-

166 590 315 665 positione
334 591 365 648 et
386 587 421 646 fit
441 606 458 647 a
475 587 514 646 M.
531 588 630 646 Tullio
649 587 870 647 consultissima
893 589 923 646 et
944 606 1005 646 non
1022 589 1183 648 incuriosis

166 677 326 737 lectoribus
364 675 539 744 admiranda
575 675 728 750 discretio,
764 680 800 735 ut
835 676 932 735 solum
967 679 1086 753 tempus
1119 679 1218 755 ipses

167 766 308 826 defendat
326 766 540 826 coniurationis
560 767 632 839 eius,
651 784 727 841 quae
746 783 777 825 se
796 766 916 826 consule
934 765 1119 843 deprehensa
1136 769 1184 841 sit,

165 855 243 914 illud
269 873 339 914 vero
368 856 504 931 superius
527 853 688 914 Hortensio
716 856 923 930 patrocinante
950 855 1083 914 fateatur
1106 855 1184 914 dilu-

166 944 232 1004 cide
254 948 434 1020 peroratum.
471 943 520 1003 Ita
542 963 595 1002 nec
618 942 652 1003 fit
675 943 738 1002 ulla
756 945 874 1003 iactura
891 943 1080 1019 defensionis,
1104 944 1185 1020 quod

166 1032 243 1092 illud
257 1034 393 1111 superius
407 1035 525 1110 tempus
539 1033 669 1107 omittat,
688 1025 830 1108 quoniam
848 1032 982 1091 defendit
994 1031 1184 1107 Hortensius,

167 1125 197 1181 et
220 1141 287 1181 eum
308 1122 366 1182 hoc
388 1122 446 1181 sibi
469 1122 659 1199 potissimum
676 1122 760 1180 velut
781 1122 925 1198 privatim
944 1124 975 1180 et
991 1123 1185 1199 peculiariter
1198 1140 1222 1181 re

167 1210 300 1271 vindicet
323 1210 361 1270 ad
388 1210 571 1284 diluendum,
592 1211 689 1288 magis
717 1212 905 1270 existimatur
927 1212 1100 1270 testimonio
1127 1212 1185 1270 niti

169 1317 259 1376 quam
280 1300 457 1375 probatione
481 1299 639 1359 defendens
664 1317 698 1358 ea
721 1299 843 1374 scilicet,
867 1299 975 1375 quibus
996 1300 1061 1377 ipse
1080 1301 1185 1360 consul

167 1389 314 1448 interfuit.

78 1481 156 1542 §12-
234 1477 328 1555 Ergo
351 1477 462 1536 istius
486 1477 763 1536 coniurationis
779 1478 911 1537 crimen
934 1477 1119 1537 defensum
1144 1477 1184 1536 ab

167 1585 206 1626 eo
230 1569 296 1641 est,
320 1566 382 1642 qui
404 1566 585 1624 interfuit.
1199 1583 1224 1625 re

233 1655 302 1713 Non
330 1655 485 1714 contentus
513 1654 572 1714 sibi
598 1655 652 1712 uni
679 1654 832 1714 vindicare
858 1655 944 1714 testis
973 1656 1185 1715 auctoritatem

167 1745 259 1804 etiam
281 1743 389 1803 inille
412 1743 616 1820 praecedentis
639 1745 853 1804 coniurationis
876 1746 1017 1820 tempore,
1042 1745 1186 1818 quoniam

167 1852 198 1892 se
225 1851 285 1892 non
311 1834 424 1910 potest,
450 1834 499 1893 vel
526 1834 626 1908 ipsum
657 1834 765 1892 testem
796 1833 954 1893 constituit
980 1833 1184 1892 Hortensium.

168 1921 217 1981 Sic
249 1923 354 1980 contra
384 1923 526 1980 iniuriam
553 1923 695 1997 temporis
722 1923 878 1996 utriusque
907 1940 967 1981 non
999 1922 1185 1981 defensiones

167 2009 301 2078 duorum,
326 2010 378 2070 sed
399 2012 572 2070 testimonia
593 2010 733 2069 videntur
756 2013 874 2086 opponi.
1200 2030 1228 2069 10

233 2100 311 2159 Non
338 2099 438 2159 modo
467 2101 583 2158 animo
610 2100 706 2158 nihil
734 2101 904 2176 comperi,
934 2099 994 2160 sed
1016 2093 1118 2178 <vix>
1143 2100 1187 2158 ad

169 2189 267 2248 auris
290 2207 384 2248 meas
408 2190 516 2248 istius
539 2189 759 2264 suspicionis
783 2189 878 2247 fama
900 2190 1075 2264 pervenit.

236 2274 350 2336 Obnixe
372 2277 508 2356 negando
532 2277 568 2336 de
590 2278 646 2336 illa
664 2279 816 2353 superiore
834 2279 1039 2336 coniuratione
1056 2277 1135 2335 nihil
1154 2297 1187 2336 se

168 2367 345 2442 comperisse
376 2367 440 2426 hoc·
463 2366 641 2442 persuadere
673 2367 816 2426 conititur
843 2368 944 2426 omnia
971 2366 1029 2426 sibi
1055 2368 1087 2423 in
1114 2384 1187 2425 oon-

168 2456 269 2515 sulatu
291 2473 344 2514 suo
367 2455 459 2515 fuisse
481 2456 649 2516 manifesta.
1202 2472 1230 2514 ae

83 2547 99 2607 1
119 2545 160 2594 14.
238 2543 365 2617 Multa,
385 2563 590 2604 cumessam
609 2545 746 2618 consul,
765 2544 806 2603 de
820 2545 964 2604 summis
978 2545 1032 2603 rei
1046 2564 1073 2621 p.
1088 2545 1187 2621 peri-

169 2633 263 2692 culis
283 2633 419 2707 audiri,
442 2634 557 2692 multa
580 2634 758 2709 quaesivi,
781 2634 895 2693 multa
914 2635 1081 2712 cognom
1104 2634 1188 2691 nul·
1260 2687 1264 2700 ,

167 2723 223 2781 lus
247 2741 413 2797 umquam
441 2722 481 2780 de
505 2721 607 2798 Sylla
634 2723 782 2782 nuntius
812 2722 853 2780 ad
876 2741 941 2796 me,
968 2723 1188 2780 1011111111-

168 2811 314 2885 dicium,
328 2812 451 2871 nullae
465 2812 615 2870 litterae
629 2813 885 2887 pervenerunt,
899 2811 1001 2871 nulla
1015 2811 1186 2887 suspicio.

235 2899 317 2958 Haeo
339 2918 410 2959 vere
437 2919 497 2959 non
525 2902 646 2979 patroni
667 2901 763 2978 magis
788 2918 878 2975 quam
899 2902 985 2960 testis
1009 2901 1106 2959 oratio
1130 2903 1186 2960 est.
1203 2919 1231 2960 ao

170 2987 282 3057 Quibus
306 2990 385 3047 enim
407 2988 505 3050 verbis
528 2991 738 3065 praeterquam
760 2990 807 3048 his
830 2991 877 3047 uti
899 2991 1000 3066 posset
1024 2990 1076 3064 qui
1098 2991 1187 3048 testi-

169 3079 303 3137 monium
325 3076 502 3156 rogaretur?
538 3077 617 3137 Mira
641 3096 710 3156 argo
726 3123 731 3135 .
748 3123 777 3136 ..
801 3079 939 3156 optinens
955 3123 961 3136 .
977 3123 1005 3136 ..
1030 3079 1117 3152 quasi
1135 3095 1186 3136 ex-

236 3318 464 3387 tdepraehenea
480 3319 527 3374 Om
588 3324 620 3372 11
641 3319 816 3374 existimaui
832 3321 895 3376 ona
954 3325 986 3373 11
1003 3318 1091 3392 (vix)
1106 3321 1188 3375 codd.

170 3390 224 3446 Cic.
298 3395 331 3443 12
350 3389 455 3443 famam
467 3391 495 3444 θ’
523 3389 600 3443 fama
613 3407 669 3444 non
682 3408 725 3446 me
761 3391 838 3445 fama
856 3391 931 3446 codd.
944 3391 998 3446 Gis.
1066 3390 1190 3446 230110-

169 3461 262 3530 gando
272 3461 304 3516 st
367 3467 399 3514 32
417 3463 467 3516 lac.
478 3467 495 3516 4
505 3478 552 3517 om.
562 3487 595 3506 =
606 3465 623 3515 9
634 3463 683 3517 litt.
721 3463 770 3517 lac.
783 3463 832 3539 1¹s,
844 3479 891 3518 cm.
902 3465 934 3533 t—
945 3479 992 3517 aa.
1004 3463 1051 3517 1101.
1063 3464 1096 3532 -t-
1107 3467 1179 3518 1000

169 3531 826 3602 3201100000.110.ΔΓ400.ι--0010.
