2584 3978
205 235 322 290 XXXVI
602 231 818 290 PRAEFATIO.

206 423 274 483 pag.
295 405 357 464 256
382 423 442 464 non
464 402 586 462 Initium
608 403 813 462 commentarii
836 406 979 462 tenemus.
1023 403 1131 478 Itaque
1151 422 1222 480 pars

206 495 313 554 saltem
334 495 472 572 paginae,
495 509 571 568 quae
597 493 636 550 12
661 491 848 566 sequebatur,
873 492 1085 552 commentario
1110 494 1223 552 oratio-

206 584 253 641 nis
276 584 421 658 ocoupata
444 582 509 639 erat
531 584 562 639 et
584 599 653 657 pars
672 581 811 657 paginae,
835 599 911 657 quae
932 582 994 641 256
1019 581 1223 656 antecedebat,

206 671 280 731 item
312 671 524 731 commentario
556 672 702 745 occupate
731 673 803 728 erat.
849 670 979 731 Etiamsi
1004 671 1059 729 has
1085 671 1223 748 singulas

206 762 307 837 pertas
339 760 526 837 singularum
557 761 677 817 tautum
708 759 913 818 columnarum
945 759 1036 818 fuisse
1068 777 1223 819 censemus

207 868 275 909 eum
311 847 540 924 subscriptione,
576 848 707 922 spatium
741 846 867 907 duarum
899 849 1105 908 columnarum
1136 867 1223 924 prae·

207 938 316 998 fatioui
342 937 555 998 commentarii¹
578 935 753 996 Flaccianae
780 937 977 1013 suppetivisse
1005 937 1085 996 credi
1108 939 1223 1013 nequit,

207 1045 276 1086 cum
294 1045 331 1085 ne
349 1026 517 1085 Archianae
537 1024 657 1100 quidem
675 1028 735 1085 tres
755 1026 909 1086 columnae
928 1025 1105 1102 suffecerint,
1134 1027 1223 1086 Milo-

207 1117 315 1175 nianae
345 1114 493 1192 praefatio
525 1132 596 1173 vero
632 1115 700 1191 plus
738 1133 830 1190 quam
866 1117 1010 1190 quattuor
1042 1115 1223 1193 paginarum

208 1205 341 1281 spatium
364 1204 562 1280 occupaverit.
601 1203 668 1262 Hac
684 1203 914 1262 ratiocinatione
935 1204 1017 1262 facta
1036 1204 1085 1262 illi
1103 1208 1223 1280 quater-

207 1295 311 1354 niones
335 1296 404 1352 ante
428 1293 593 1351 orationem
616 1291 652 1351 de
674 1311 743 1371 rege
766 1292 967 1352 Alexandrino
990 1292 1122 1369 ponendi
1144 1296 1222 1352 sunt

277 1381 490 1442 commentarii
521 1381 664 1441 orationis
697 1380 837 1440 Sullanae
874 1381 1005 1440 ambitus
1041 1383 1132 1441 certis
1165 1382 1222 1440 ter-

209 1472 299 1532 minis
326 1469 529 1531 circumscribi
555 1489 615 1530 non
642 1472 753 1546 potest,
791 1471 902 1529 servati
930 1470 1015 1530 nobis
1043 1473 1113 1531 sunt
1136 1471 1224 1529 XVII

207 1562 336 1640 paginae
355 1562 385 1619 et
403 1558 522 1618 XVIIII
539 1559 644 1618 lineae.
684 1559 788 1634 Neque
807 1559 898 1618 etiarn
922 1561 1066 1634 quantum
1089 1560 1223 1637 spatium

208 1650 439 1709 commentarius
454 1648 598 1708 orationis
610 1649 644 1706 in
653 1646 791 1706 Clodium
804 1651 835 1707 et
844 1646 1004 1708 Curionem
1012 1647 1134 1709 habitae
1145 1667 1223 1708 com·

207 1740 312 1815 plexus
336 1739 383 1812 sit,
407 1737 568 1796 diiudicari
581 1739 693 1814 potest,
716 1741 851 1797 servatae
871 1739 942 1796 sunt
959 1737 1030 1795 XIV
1044 1737 1175 1814 paginae
1195 1741 1224 1796 et
1279 1795 1280 1798 ,

208 1847 270 1887 uua
293 1829 437 1888 columna.
485 1825 587 1884 Tertia
614 1825 723 1900 oratio,
756 1827 839 1885 cutus
867 1825 997 1886 ambItus
1024 1845 1082 1886 non
1107 1826 1223 1885 definiri
1279 1823 1280 1826 ’

208 1920 322 1994 potest,
350 1915 386 1975 de
413 1933 482 1993 rege
505 1914 707 1974 Alexandrino
735 1917 786 1974 est.
832 1914 918 1975 Hanc
945 1918 1058 1974 certum
1086 1917 1133 1975 est
1156 1916 1223 1992 plus

210 2025 301 2082 quam
328 2024 420 2063 unum
449 2003 674 2078 quaternionem
702 2005 905 2080 occupavisse,
937 2006 1010 2080 quia
1036 2007 1069 2063 in
1092 2006 1223 2064 extrema

210 2096 322 2173 pagina
344 2093 411 2152 folii
433 2091 512 2168 quod
535 2095 669 2152 tenemus
693 2093 812 2169 signum
832 2093 1036 2168 quaternionis
1059 2113 1077 2152 a
1099 2091 1223 2153 librario

210 2183 356 2259 scriptum
378 2184 431 2241 est.
466 2181 549 2240 Inter
570 2182 648 2241 hanc
670 2184 701 2240 et
718 2181 907 2240 Flaccianum
929 2183 990 2242 tres
1013 2183 1223 2257 quaterniones

211 2272 314 2332 amissi
341 2272 423 2345 sunt,
460 2270 560 2346 quarti
588 2289 647 2329 non
675 2270 733 2330 nisi
755 2270 815 2329 duo
838 2271 912 2329 folia
933 2273 1057 2344 restant,
1079 2289 1158 2346 quae
1182 2290 1223 2331 se·

211 2360 340 2420 cundum
363 2362 394 2418 et
415 2360 540 2417 tertium
563 2377 625 2418 esse
648 2361 710 2417 iam
733 2362 821 2418 antea
839 2359 1047 2419 demonstravi.
1085 2359 1224 2419 Partibus
1278 2387 1279 2451 p

210 2450 387 2509 Flaccianus
410 2449 535 2507 servatis
559 2448 716 2524 explentur
738 2449 845 2506 novem
868 2451 899 2506 et
920 2449 1029 2526 viginti
1046 2450 1178 2526 paginae
1196 2451 1225 2507 et

210 2557 270 2598 una
294 2539 443 2610 columna3
467 2555 535 2596 oum
557 2539 590 2596 in
612 2556 680 2614 pag.
696 2537 758 2595 251
780 2538 811 2595 et
832 2538 895 2595 267
914 2539 1032 2596 numeri
1054 2540 1224 2613 quaternio-

211 2648 283 2686 num
306 2627 417 2686 servatr'
440 2628 500 2686 sint
523 2628 554 2685 et
575 2628 655 2684 inter
678 2628 740 2685 273
766 2627 796 2685 et
815 2627 879 2686 260
903 2629 992 2702 atque
1017 2628 1079 2685 271
1106 2631 1136 2685 et
1163 2628 1223 2685 262

213 2717 321 2776 lacuna
343 2716 415 2790 hiet,
438 2716 550 2774 certum
574 2718 619 2774 est
642 2716 845 2790 quaternionis
859 2714 932 2772 LIII
949 2715 1090 2774 intimum
1109 2715 1225 2788 folium,
1277 2773 1278 2794 ,

213 2806 418 2881 quaternionis
440 2802 529 2861 LIIII
556 2802 614 2862 duo
641 2805 750 2862 intima
776 2803 850 2863 folia
874 2805 983 2864 amissa
1006 2822 1076 2864 esse.
1124 2803 1225 2864 Gonti-

212 2896 280 2953 nuit
303 2911 372 2972 ergo
395 2892 624 2952 commentarius
650 2894 776 2968 integer,
807 2892 843 2951 de
866 2894 949 2952 cuius
975 2893 1064 2951 tuttic
1088 2894 1119 2954 et
1141 2913 1225 2968 prae

212 2983 326 3042 satione
344 2983 407 3040 iam
425 2980 495 3054 dixi,
518 2982 644 3058 paginas
663 2981 769 3040 saltem
782 2980 815 3040 L.
847 2982 1007 3041 Flacciana
1025 2982 1174 3058 excipitur
1193 3001 1226 3042 ee

213 3071 357 3147 oratione,
390 3089 449 3146 qua
477 3068 578 3129 Cicero
610 3072 680 3146 post
710 3069 839 3129 reditum
870 3070 987 3130 senatui
1014 3071 1128 3148 gratias
1157 3072 1225 3148 egit.

213 3160 259 3220 Ex
290 3160 347 3219 hec
376 3161 588 3219 commentario
615 3162 750 3219 tenemus
777 3159 853 3218 duas
880 3160 1005 3237 paginas
1029 3162 1059 3219 et
1081 3160 1157 3220 duas
1180 3179 1226 3218 co·
1276 3203 1277 3232 ,

213 3249 344 3322 lumnas3
372 3249 507 3323 sequitur
529 3250 635 3323 oratio,
659 3267 719 3323 qua
740 3249 852 3324 populo
874 3249 987 3325 gratias
1010 3250 1079 3326 egit.
1127 3251 1226 3325 Atque

213 3339 433 3413 peropportme
466 3335 587 3410 accidit,
619 3337 699 3412 quod
730 3337 762 3394 in
793 3355 861 3414 pag.
883 3339 945 3396 232
978 3339 1051 3397 haec
1081 3338 1169 3397 illam
1196 3339 1226 3396 in
1276 3397 1277 3429 ,

215 3429 320 3487 senatu
342 3424 476 3484 habitam
500 3427 641 3502 excipiat,
672 3427 717 3485 ita
740 3427 818 3484 enim
842 3428 1000 3502 conputari
1021 3429 1130 3504 potest,
1154 3430 1227 3503 quot

214 3514 334 3594 paginis
361 3514 417 3573 hae
445 3516 594 3574 orationes
622 3514 817 3574 constiterint.
863 3515 989 3574 Initium
1018 3515 1107 3574 buius
1138 3535 1226 3591 quae-

215 3605 322 3664 stionis
344 3603 506 3680 petendum
529 3607 574 3663 est
596 3622 631 3663 ex
653 3622 775 3663 numero
799 3605 1002 3680 quaternionis
1024 3604 1056 3663 in
1077 3623 1147 3683 pag.
1164 3607 1224 3664 211
