2584 3978
159 162 250 216 XXIV
559 161 774 216 PRAEFATIO.

159 332 247 390 illum
270 333 359 390 tertio
384 332 501 390 saeculo
526 331 563 390 ad
585 331 673 389 finem
692 334 832 408 vergente
855 331 904 389 vel
921 331 1049 389 maxime
1070 334 1181 406 quarto

161 421 277 481 saeculo
301 423 421 480 ineunte
445 423 589 496 scriptum
613 438 684 479 esse.
730 419 829 496 Atque
853 439 921 478 cum
943 419 1182 478 demonstratum

161 502 233 591 sit1)
266 511 471 568 commentarii
502 509 634 568 indolem
666 512 696 568 et
732 509 897 568 doctrinam
935 509 1035 585 quarti
1067 509 1183 567 saeculi

160 617 247 658 usum
273 599 419 672 indicare,
442 597 692 658 verisimillimum
722 600 821 656 estin
844 599 897 657 illo
921 598 1095 674 exemplari,
1119 617 1181 672 quo

159 686 300 747 librarius
325 689 433 747 codicis
457 686 613 747 Bobiensis
633 705 704 746 usus
727 690 780 761 est,
803 689 934 762 primum
957 687 1078 760 scholia,
1101 705 1181 762 quae

159 777 245 836 nobis
269 780 388 853 praesto
412 779 490 851 sunt,
514 778 683 851 conscripta
704 777 803 836 fuisse.

227 866 272 924 le
296 867 457 941 exemplari
485 864 626 932 Bobiensi
654 864 832 924 scholiorum
860 863 945 922 nobis
968 868 1086 924 servata
1109 867 1183 923 sunt

159 955 348 1014 XXXXVIII
375 954 449 1012 folia
478 957 507 1014 et
534 954 579 1012 VI
606 955 742 1029 dimidia3
770 955 877 1012 horum
898 954 954 1015 XX
982 955 1055 1014 folia
1079 959 1109 1011 et
1130 953 1182 1012 ΙΠ

160 1043 284 1103 dimidia
307 1043 518 1118 Mediolanum,
541 1043 673 1101 XXVIII
696 1047 727 1101 et
748 1043 797 1101 IlI
820 1043 944 1101 dimidia
966 1043 1092 1102 Romam
1115 1043 1182 1100 lata
1290 1110 1291 1125 χ

160 1135 238 1192 sunt.
284 1133 415 1191 Maxima
443 1152 545 1192 eorum
568 1151 637 1209 pars
665 1133 710 1191 ita
732 1131 878 1208 rescripta
904 1135 957 1205 est,
980 1136 1016 1190 ut
1038 1132 1069 1190 in
1093 1149 1182 1191 versa

160 1223 272 1300 pagine
295 1213 476 1280 scholiorum
498 1224 581 1281 recta
604 1222 723 1280 concilii
747 1221 946 1295 exhiberetur3
968 1221 1112 1279 nonnulla
1131 1239 1181 1279 eo·
1290 1224 1291 1279 l

160 1331 227 1369 rum
254 1312 409 1385 fohorum,
438 1330 514 1387 quae
542 1311 706 1369 Mediolani
734 1313 932 1384 asservantur,
954 1309 1095 1368 librarius
1119 1329 1182 1367 non

160 1400 296 1459 invertit:
320 1402 393 1459 haec
412 1401 444 1458 in
462 1399 567 1459 tabula
590 1419 668 1475 quae
692 1399 826 1475 sequitur
845 1399 985 1458 asterisco
1005 1397 1182 1475 significavi.
1289 1397 1290 1408 ¹

161 1488 466 1548 Animadvertendum
490 1491 645 1564 praeterea
669 1491 714 1547 est
736 1488 813 1546 nihil
831 1489 986 1561 interesse,
1009 1506 1068 1563 quo
1092 1486 1182 1545 modo

161 1577 236 1636 folia
272 1579 338 1654 ipsa
370 1577 446 1636 flexa
483 1580 544 1636 sint
580 1569 618 1658 (e.
647 1599 674 1656 g.
707 1581 807 1636 utrum
844 1579 894 1636 35.
919 1578 1041 1638 36e45.
1066 1577 1116 1634 46.
1142 1594 1182 1634 an

162 1667 214 1725 45.
239 1667 362 1728 46,35.
385 1659 460 1747 36.),
483 1686 550 1725 cum
573 1667 630 1725 hoc
651 1667 765 1725 factum
789 1668 828 1725 sit
846 1667 936 1742 prout
957 1664 1081 1723 librario
1105 1683 1182 1740 opus

163 1756 231 1828 fuit,
255 1755 307 1831 qui
330 1755 559 1831 descriptionem
583 1755 702 1814 concilii
721 1755 933 1814 commentario
953 1753 1102 1812 Ciceronis
1124 1756 1181 1812 im·

163 1843 272 1919 posuit.
308 1844 412 1919 Neque
430 1844 461 1903 id
480 1844 568 1902 hodie
587 1843 698 1902 Romae
716 1845 846 1920 perspici
863 1847 971 1919 potest,
990 1862 1056 1901 cum
1075 1862 1182 1900 unum·

163 1931 302 2009 quodque
311 1933 417 1992 folium
427 1934 531 1991 charta
545 1936 629 1991 tenta
640 1933 846 1992 circumdetur.
862 1931 1100 1992 Consentaneum
1109 1950 1181 1991 vero
1290 1948 1291 1951 ’

162 2023 256 2080 estin
275 2023 313 2079 iis
331 2021 422 2097 foliis,
442 2021 549 2098 quibus
564 2022 689 2081 inversis
703 2022 865 2080 monachus
879 2039 949 2080 usus
965 2024 1018 2094 est,
1036 2022 1181 2079 maiorem
1290 2028 1291 2037 ¹

161 2129 317 2171 numerum
345 2111 521 2186 praecedere
548 2112 670 2184 minori,
695 2109 766 2186 quia
793 2129 933 2169 numerus
955 2112 1019 2185 ipse
1042 2109 1113 2167 libri
1137 2111 1185 2168 est

162 2199 392 2274 descriptionem
421 2199 539 2259 concilii
568 2201 755 2258 continentis,
800 2199 843 2258 At
869 2199 902 2256 in
925 2198 1087 2274 exemplari
1109 2198 1182 2256 Arn-

161 2287 302 2348 brosiano
326 2287 401 2346 duae
425 2290 514 2347 series
540 2307 731 2347 numerorum
755 2291 837 2346 sunt:
865 2307 925 2346 una
949 2287 1068 2346 arabica
1091 2288 1183 2363 plane

162 2379 197 2435 ut
224 2377 254 2434 in
284 2377 432 2436 Vaticano
460 2379 586 2455 paginas
616 2377 822 2453 descriptionis
855 2377 975 2436 concilii
1001 2376 1184 2454 significans,

163 2467 259 2524 altera
282 2465 431 2524 Romana:
454 2467 526 2525 haec
545 2469 659 2524 rectum
678 2465 812 2524 ordinem
830 2465 1010 2525 scholiorum
1029 2467 1091 2525 sive
1111 2483 1185 2524 casu

164 2555 226 2615 sive
253 2555 466 2631 conputatione
493 2557 575 2614 facta
603 2555 760 2614 inventum
788 2554 945 2632 significat.
991 2552 1086 2622 Quam
1114 2553 1184 2630 quis

164 2644 320 2718 adiecerit,
348 2644 423 2702 mihi
451 2644 569 2719 quidem
598 2643 721 2702 dubium
747 2644 879 2718 ridetur,
908 2663 975 2702 cum
997 2643 1094 2701 Maius
1118 2643 1184 2719 ipse

164 2752 353 2791 numerorum
383 2732 517 2792 ordinem
544 2752 604 2792 non
627 2735 777 2808 sequatur,
800 2753 904 2791 verum
927 2732 1093 2792 orationem
1116 2730 1183 2790 Sul-

164 2822 265 2881 lanam
287 2824 320 2880 in
342 2821 454 2901 pagina
476 2822 493 2880 I
514 2822 707 2897 incipientem
729 2826 798 2898 post
817 2821 966 2880 orationes
988 2822 1021 2879 in
1045 2819 1185 2879 Clodium

165 2913 196 2969 et
219 2909 376 2970 (lurionem
398 2912 431 2968 in
453 2911 565 2988 pagina
584 2910 637 2985 VI,
660 2911 696 2968 de
720 2929 787 2968 aere
811 2911 909 2970 alieno
933 2909 1052 2968 Milonis
1075 2911 1108 2966 in
1131 2927 1185 2985 pa-

165 3000 236 3076 gina
255 2999 392 3074 LXVIII,
416 2999 452 3058 de
475 3019 544 3076 rege
567 2999 769 3059 Alexandrino
792 2999 824 3057 in
843 3001 953 3077 pagina
967 2998 1105 3072 XXXHI,
1130 3017 1186 3075 pro

165 3088 277 3147 ArchIa
300 3087 332 3146 in
354 3088 466 3166 pagina
487 3088 612 3146 LXXIX
635 3088 810 3165 incipientes
833 3089 866 3146 in
884 3088 1021 3148 omnibus
1046 3087 1184 3146 editioni·

166 3176 223 3236 bus
255 3180 356 3253 ponat.
423 3177 530 3253 Itaque
570 3179 600 3234 in
642 3177 818 3254 fragmentis
855 3177 1061 3236 Ambrosianis
1098 3178 1189 3234 iuxta

165 3285 303 3326 numeros
322 3265 457 3324 arabicos
476 3266 635 3340 Romanos,
654 3267 704 3342 qui
725 3266 843 3326 easdem
861 3269 988 3343 paginas
1006 3265 1189 3343 significant,

166 3373 300 3431 apposui.

239 3545 265 3612 1)
285 3543 328 3610 Of.
347 3545 451 3600 duceri.
471 3563 543 3601 orcae
561 3562 621 3614 cap.
641 3548 700 3600 ΙΙΙ.
