2554 3978
194 208 258 272 130
574 208 646 264 PRO
670 208 826 263 PLANCIO

258 376 411 453 Aliquid
433 379 623 454 praeterea
644 410 682 418 -
706 379 832 437 timide
856 377 985 452 dicam,
1009 379 1069 438 sed
1090 382 1198 436 tamen

192 466 380 524 dicendum
403 470 470 526 est:
493 467 637 544 aliquid
659 466 857 526 adtulimus
880 469 991 526 etiam
1013 486 1083 527 nos.

257 555 432 615 Necessario
459 557 639 632 temperavit
665 557 796 634 gratiam
822 574 908 615 suam
935 575 995 616 non
1021 557 1199 616 mediocriter

191 642 313 704 Plancio
354 645 517 720 profuisse,
559 645 677 721 quando
718 647 766 704 vir
801 646 967 706 consularis
1004 647 1199 705 testimonium

190 732 399 794 beneficiorum
425 735 459 792 in
482 753 513 793 se
536 735 723 794 oculatorum
748 734 906 810 perhibens
930 729 1028 812 (pro)
1051 733 1224 794 candidatos

191 824 320 882 multum
341 824 482 899 potuerat
503 841 685 899 promovere.
731 822 797 882 Hoc
819 842 889 883 vero
918 842 955 882 ne
978 827 1057 883 esset
1078 823 1199 882 insolens

190 907 263 990 <et>
286 911 458 988 superbum,
490 913 647 988 praemisit
674 911 893 990 adlegationem
915 913 1100 973 verecundae
1130 912 1199 970 timi·

191 1001 304 1060 ditatis.

257 1089 362 1149 Ultro
403 1090 604 1148 mehercule
645 1108 680 1149 se
717 1091 806 1149 mihi
846 1091 956 1149 etiam
997 1091 1199 1160 offerentes,

191 1178 287 1239 ultro
310 1179 529 1255 pollicentes
552 1179 689 1256 rogavi.
1210 1197 1225 1238 o

256 1266 484 1326 Admirabiliter
520 1285 573 1325 nec
605 1267 749 1326 humilem
780 1287 811 1327 se
843 1269 916 1328 fecit
946 1270 979 1326 in
1010 1267 1149 1345 precibus
1177 1269 1201 1323 et

190 1359 291 1416 tamen
322 1357 486 1432 plurimum
519 1356 669 1416 adiuvisse
700 1359 828 1417 testatus
860 1360 918 1417 est:
951 1359 994 1416 sic
1019 1360 1049 1415 et
1076 1374 1134 1432 pro
1159 1372 1200 1414 reo

191 1448 264 1505 satis
296 1463 403 1505 causae
430 1446 505 1504 facit
532 1447 562 1503 et
589 1445 747 1524 dignitatis
775 1464 846 1506 suae
874 1448 1049 1506 ornamenta
1079 1444 1201 1505 custodit

190 1533 314 1594 dicendo
341 1551 401 1593 non
428 1535 557 1593 defuisse
587 1552 689 1610 preces
722 1551 804 1610 suas,
836 1534 943 1611 quibus
970 1535 1102 1611 populus
1130 1552 1201 1594 vere·

191 1624 285 1682 eunde
326 1623 482 1683 obsecutus
524 1624 565 1682 sit
600 1624 680 1684 ultro
721 1641 753 1684 se
794 1625 886 1683 etiam
926 1624 1051 1683 offerens
1095 1626 1200 1703 gratiae
1211 1643 1227 1682 a

190 1712 360 1771 referendae
397 1711 435 1771 ad
472 1731 540 1770 eum
575 1713 777 1788 promtissime
814 1712 1044 1791 designandum,
1081 1716 1134 1773 cui
1163 1714 1201 1770 vir

190 1803 254 1860 tam
276 1800 349 1859 bene
375 1802 411 1859 de
434 1819 466 1859 re
490 1821 519 1877 p.
538 1802 662 1860 meritus
686 1802 908 1879 suffragaretur.

93 1896 171 1956 §aa
258 1890 342 1964 Nec,
374 1891 405 1950 si
436 1891 492 1949 vir
524 1890 784 1965 amplissimus,
817 1893 874 1950 cui
905 1892 1000 1950 nihil
1029 1894 1085 1952 est
1119 1888 1201 1968 quod
1257 1949 1258 1956 χ

190 1980 336 2058 roganti
369 1979 517 2038 concedi
547 1997 616 2039 non
648 1980 726 2038 iure
757 1981 890 2056 possit,
926 1981 968 2040 de
1000 1980 1141 2056 aliquo,
1170 1981 1201 2037 ut

191 2068 295 2143 dicis,
323 2086 392 2127 non
418 2069 641 2143 impetravit.
1211 2089 1228 2126 a

258 2156 454 2234 Saganissime
478 2156 699 2232 animadvertit,
722 2157 795 2232 quid
818 2176 836 2217 a
858 2161 944 2234 parte
968 2159 1085 2218 diversa
1110 2159 1201 2236 posset

191 2246 313 2321 opponi:
340 2263 400 2305 non
422 2246 545 2320 mirum,
568 2246 595 2304 si
612 2245 689 2304 nihil
715 2265 770 2322 pro
793 2246 915 2306 Plancio
939 2247 1055 2306 'Pullius
1077 2249 1201 2307 valuisse

190 2333 339 2408 videatur,
368 2352 435 2392 cum
461 2353 516 2409 pro
545 2334 604 2393 alio
631 2334 690 2394 sibi
713 2337 954 2395 coniunctissimo
978 2336 1140 2396 candidato
1162 2337 1202 2394 vir

189 2424 414 2498 potentissimus
442 2423 519 2480 nihil
546 2426 742 2499 promoverit,
775 2443 842 2483 curn
868 2425 917 2482 illi
939 2425 1125 2504 designando
1149 2427 1201 2484 stu·

191 2511 280 2569 deret.
323 2511 497 2589 Signifioare
521 2514 621 2570 autem
645 2513 837 2572 candidatum
859 2513 979 2572 videtur
1001 2513 1034 2572 Τ.
1054 2513 1228 2591 Ampiumu

190 2599 416 2677 suffragatorem
447 2619 518 2660 vero
547 2599 597 2659 (ln.
617 2601 800 2678 Pompeium.
850 2601 895 2660 De
928 2602 1048 2679 quibus,
1080 2606 1147 2662 tam
1176 2620 1201 2661 so

163 2731 165 2736 -
190 2708 280 2765 quam
307 2688 462 2765 Pompeio,
570 2690 613 2749 sic
640 2692 707 2750 virlt
734 2692 831 2767 accipi
853 2691 970 2750 Tullius
998 2693 1201 2767 suspicionem,

189 2781 224 2837 ut
244 2780 309 2854 ipse
337 2779 457 2854 quidem
484 2796 538 2854 pro
561 2778 683 2840 Plancio
710 2780 841 2840 valuerit
866 2780 1078 2839 miserabiliter
1107 2780 1200 2840 etde

190 2869 278 2927 misse
301 2867 437 2943 petendo,
460 2867 618 2943 Pompeius
642 2888 702 2928 non
720 2871 793 2928 item
811 2886 865 2945 pro
884 2868 954 2928 Tito
972 2869 1083 2945 Ampio
1103 2872 1200 2945 utique

258 3096 271 3143 1
282 3089 431 3147 timidan
478 3096 494 3144 2
505 3088 658 3144 adtulimus
669 3090 755 3146 etiam
764 3091 839 3145 codd.
847 3092 901 3146 Cic.
913 3091 1080 3146 adTullium
1088 3092 1140 3148 sed
1149 3092 1199 3145 iarn

192 3161 215 3215 0
284 3161 458 3229 eperfidens
474 3163 503 3228 0,
522 3177 589 3218 corr.
605 3163 731 3216 Niebuhr
767 3160 861 3234 (pro)
878 3161 916 3216 Or
979 3163 1144 3236 ⁷<et>mo

191 3231 384 3286 9mehercnle
403 3233 478 3287 codd.
495 3234 548 3288 Cic.
568 3232 733 3289 merculeO
808 3238 839 3286 11
861 3233 1009 3289 Psaects·
1062 3237 1092 3289 et
1108 3233 1200 3302 serapti

190 3317 242 3355 nec
262 3302 325 3358 Coro
403 3308 436 3356 14
454 3319 552 3371 proces
571 3304 665 3360 suaO
744 3309 777 3358 1e
796 3303 1017 3375 designatamG
1097 3312 1131 3360 22
1149 3319 1199 3357 non

190 3371 262 3425 nihil
281 3372 404 3428 Wunder
426 3373 535 3442 aliquid
562 3377 733 3431 Garatoeiuc
832 3381 865 3430 23
888 3375 997 3431 uiroO
1090 3383 1124 3431 24
1147 3377 1197 3429 stu-

191 3444 287 3498 deret?
310 3448 342 3500 St
422 3451 455 3498 26
480 3446 588 3500 duobus
612 3446 644 3500 St
724 3451 758 3500 27
778 3448 827 3502 luc.
842 3451 861 3502 2
875 3449 908 3518 -Ι-
924 3447 974 3518 511,
990 3464 1085 3502 coa=
1101 3453 1135 3504 18
1152 3448 1197 3502 litt.

191 3517 262 3568 κατὰ
295 3517 401 3582 (melius
429 3519 500 3570 κατὰ
531 3520 594 3586 τὴν)
622 3520 757 3586 εύγκριειν
785 3519 836 3588 (vel
862 3519 924 3573 κατ’
942 3519 1088 3590 ἀντίθεον)
1113 3517 1196 3588 suppl

188 3585 231 3654 Zp
304 3591 336 3638 28
360 3586 542 3642 demissan
