2584 3978
165 159 207 223 32
329 157 377 211 uu
400 157 497 212 anea
521 157 785 213 ALEXANDRINO
801 116 922 228 'sagn
943 162 1020 211 r-e.

165 326 295 401 quadam
313 328 430 386 senatui
448 328 525 386 facie
543 326 740 403 turpitudinis
758 325 791 386 id
804 326 853 385 vel
871 325 999 384 maxime
1013 324 1182 384 faciendum

165 433 228 474 esse
251 415 437 491 persuadeat,
462 416 542 492 quod
564 417 605 475 sit
628 433 791 493 congruens
815 415 974 474 honestati.

60 505 152 574 ΡΨ·
257 511 340 571 Cum
362 514 428 572 illo
450 532 511 572 rex
534 515 584 573 sit
606 513 838 587 interfectus,
860 512 952 571 hunc
975 530 1125 586 puerum
1147 513 1183 569 in

62 575 138 637 m
165 600 272 676 Syria
293 602 415 662 fuisse.

306 699 379 757 haec
402 702 560 759 sumuntur
587 699 623 757 de
650 700 723 758 locis
747 698 1010 771 coniecturalibus,
1039 699 1185 772 quisunt
1212 716 1224 755 s

164 789 255 863 primi
281 787 421 848 videlicet
452 789 485 846 in
512 789 599 848 buius
627 790 724 847 status
751 788 912 860 divisione,
945 805 963 844 a
992 786 1185 845 voluntate

165 879 200 934 et
222 877 401 935 facultate
526 877 606 936 Nam
629 875 709 952 quod
731 877 878 951 pueritiae
901 877 976 934 facit
993 876 1186 947 mentionem,

165 965 369 1024 voluntatis
389 968 511 1024 estnon
530 966 663 1040 potuisse
677 964 885 1024 Ptolomaeum
903 962 1090 1040 kapitalibus
1111 963 1186 1023 odiis

166 1053 317 1128 dissidere,
333 1073 420 1130 quem
433 1055 557 1129 puerilis
572 1053 730 1112 infirmitas
746 1052 784 1112 ab
797 1052 968 1112 huiusmodi
983 1051 1187 1111 obstinatione

165 1145 330 1216 recovaret3
354 1143 547 1202 facultatis
572 1145 617 1201 est
635 1144 744 1216 autem,
764 1142 843 1217 quod
862 1142 907 1200 ait
923 1143 957 1200 in
975 1140 1065 1217 Syria
1083 1142 1187 1213 fuisse,
1201 1161 1226 1200 ro

165 1233 200 1288 ut
227 1230 331 1290 absens
360 1233 478 1307 copiam
500 1250 561 1290 non
583 1230 722 1290 habuerit
748 1231 830 1290 illius
854 1229 1068 1304 interficiendi,
1098 1249 1189 1305 quem

101 1362 104 1368 ·
165 1319 319 1378 dicebatur
340 1321 533 1381 interemisse.

61 1408 153 1532 Frffiffl·
234 1416 352 1492 Atque
397 1417 492 1475 illud
537 1419 647 1477 etiarn
692 1419 858 1476 constare
904 1416 1020 1476 video:
1066 1435 1187 1494 regem

165 1505 284 1580 illum,
321 1523 396 1563 cum
432 1508 594 1583 reginam
630 1523 788 1565 sororem
825 1523 936 1580 suam,
973 1522 1092 1563 oarem
1130 1523 1186 1563 ac·

166 1597 376 1670 ceptumque
421 1595 567 1670 populo,
617 1594 780 1653 manibus
827 1596 902 1653 suis
947 1593 1226 1666 trucidasset‚1s

165 1684 401 1741 interfectum
424 1701 500 1742 esse
522 1683 660 1758 impetu
682 1683 943 1742 multitudinis.

234 1778 387 1858 Congestis
415 1781 502 1839 ualde
528 1780 807 1856 praeparationibus
834 1780 923 1839 fidem
950 1781 1022 1839 fecit
1051 1824 1121 1854 ...,
1153 1782 1188 1838 ut

164 1868 242 1928 hano
264 1867 384 1928 caedem
403 1887 420 1926 a
442 1870 553 1945 populo
572 1871 667 1947 magis
686 1869 888 1928 Alexandrino
907 1869 1020 1929 factam
1037 1868 1187 1944 probaret,

166 1976 227 2017 non
244 1957 414 2017 Ptolemaeo
434 1956 555 2017 iubente
579 1959 774 2017 commissam.
811 1958 956 2018 Notomus
981 1958 1060 2017 enim
1079 1957 1187 2034 grada-

164 2047 222 2105 tim
257 2045 322 2105 fieri
359 2047 534 2124 augmenta,
571 2065 647 2121 quae
682 2049 882 2124 praegravant
918 2047 1118 2122 suspicionem
1150 2045 1226 2104 adso

165 2136 324 2210 populares
356 2137 485 2211 impetus
517 2136 724 2210 pertinentem.
783 2135 863 2194 Nam
898 2136 998 2210 coepit
1034 2135 1073 2192 ad
1108 2135 1188 2193 hunc

166 2223 299 2283 modum:
330 2222 426 2296 Atque
452 2223 528 2282 titud
550 2224 637 2282 etiam
659 2227 789 2283 constare
815 2224 910 2292 tideo,
938 2225 973 2282 ut
999 2223 1036 2282 do
1058 2224 1188 2283 veritate

165 2332 226 2371 non
249 2314 289 2372 sit
312 2312 534 2390 ambigendum,
561 2313 588 2371 si
612 2314 729 2372 constet
756 2311 836 2388 apud
862 2331 972 2372 omnes.
1018 2311 1097 2370 Dein
1120 2310 1188 2372 sub-

167 2400 256 2459 didit:
284 2418 349 2459 eam
374 2403 507 2474 reptatam
533 2417 660 2460 sororem
681 2418 776 2469 suom,
808 2403 843 2460 ut
865 2403 1007 2460 atrocitas
1030 2401 1189 2476 parricidii

167 2490 198 2548 et
220 2490 314 2548 multo
342 2491 438 2548 maior
464 2491 496 2548 in
524 2491 614 2549 exitio
644 2491 765 2568 reginae
788 2489 924 2550 omnibus
947 2490 1039 2548 fuerit
1061 2490 1187 2549 horrori.
1201 2505 1226 2546 ss

166 2577 239 2637 Post
261 2578 333 2636 haec
357 2577 466 2637 adiecit
489 2578 612 2637 eandem
635 2596 737 2638 darom

502 2737 632 2812 (Desunt
653 2737 683 2796 L
700 2737 854 2813 popinae.)

237 3102 393 3171 lquodam
414 3103 659 3172 unodammodo
678 3102 710 3158 st
781 3102 966 3172 tsyriamO
1036 3104 1123 3158 ttae.
1137 3119 1185 3158 aa.

170 3174 218 3227 tio.
234 3174 268 3240 -t-
287 3179 305 3227 6
323 3191 371 3228 cm.
387 3199 421 3219 ==
440 3178 476 3228 30
494 3175 545 3229 titt.
565 3176 715 3241 croxucpdc
738 3176 794 3229 ἀπὸ
817 3179 1002 3242 προεωπικῶν
1024 3174 1187 3242 κεφαλαίων

168 3244 258 3312 suppl.
273 3243 315 3313 Zp
387 3250 403 3297 7
423 3246 472 3299 tac.
484 3250 558 3298 lom.
569 3246 602 3314 -t-
612 3263 661 3300 on.
672 3246 720 3300 tto.
732 3247 765 3314 -Ι-
776 3245 827 3316 57,
838 3261 887 3300 otu.
899 3271 932 3292 =
948 3249 984 3300 32
998 3246 1049 3300 titt.
1063 3245 1083 3299 i.
1092 3261 1115 3299 e.
1131 3247 1186 3300 ἀπὸ

169 3315 326 3382 βουλήεεω(
351 3319 396 3369 καὶ
419 3317 564 3382 δυνάμεως
585 3319 674 3385 suprpt.
694 3316 735 3386 Zp
757 3316 775 3370 i.
792 3331 814 3369 o.
838 3315 954 3370 delendo
975 3323 1041 3371 suot
1066 3315 1186 3385 peritiae

170 3385 377 3451 Omo,eorr.0r
449 3392 481 3440 16
496 3386 668 3454 impetumO
737 3392 770 3440 17
791 3386 1185 3458 loe.6†2¹(„em=20titt.
1271 3397 1272 3458 t

169 3459 242 3511 λύεει
256 3457 318 3511 κατ’
331 3457 512 3525 ἀνατροπήνῖ
581 3463 614 3511 18
630 3456 821 3513 poento-n·
896 3463 929 3511 19
943 3456 1128 3513 iubentemG
1271 3479 1272 3492 ¹

170 3533 203 3579 22
223 3525 347 3582 illumO
435 3532 469 3582 23
489 3528 602 3596 aputO

1271 2719 1272 2748 t

235 2949 250 2996 6
269 2944 303 3010 cf.
324 2941 440 3008 Quintil.
455 2942 507 2997 VH
526 2948 550 3008 2,
566 2947 608 2996 27.

1271 3071 1272 3100 t

1271 3125 1272 3194 t

1271 3199 1272 3248 t

1271 3257 1272 3296 t
