2554 3978
285 232 358 287 PRO
382 231 505 288 SESTIO
527 233 797 288 ARGUlOENTUM.
831 240 846 300 ς
866 239 890 288 5.
1053 235 1096 299 83

78 421 134 477 per
156 402 334 478 qualitatem
357 403 465 478 speciei
488 402 616 479 duplicis
755 402 834 461 Nam
857 403 1017 463 relativum
1040 405 1096 464 hoc

78 493 150 565 erit,
194 493 273 551 iuste
319 494 349 550 et
393 493 500 550 merito
540 491 679 552 habuisse
721 494 906 552 armatorum
944 494 1096 568 praesidia

77 579 110 638 P.
137 579 279 655 Sestium,
315 583 351 639 ut
383 579 540 641 Clodianos
577 582 707 657 impetus
739 580 777 640 ab
809 583 864 641 illa
896 581 1095 656 dimicatione,

77 688 170 744 quam
200 669 298 728 faeere
330 673 480 746 coeperat,
512 669 714 746 submoveret3
745 670 822 728 illud
853 689 924 730 vcro
956 670 996 730 ad
1027 690 1095 732 con-

51 759 285 833 spensationem
307 758 448 833 refertur,
471 778 525 836 pro
548 758 626 818 bona
645 777 735 819 eausa
754 761 785 818 et
806 761 851 819 rei
873 779 901 835 p.
920 762 1094 835 necessaria,

76 849 197 907 etiamsi
227 849 358 907 armatos
389 847 540 922 habuerit,
574 849 747 924 inpunitum
779 867 841 908 esse
874 847 991 924 debere,
1028 867 1095 907 cum

75 935 151 994 bene
174 938 315 994 meritum
337 936 373 994 de
396 937 492 996 salute
515 939 632 1012 patriae
656 939 751 996 civem
778 939 897 997 restitui
919 938 1010 996 vellet
1033 957 1094 997 om·

74 1027 162 1084 nium
197 1025 317 1085 favente
354 1043 505 1085 consensu.
564 1025 650 1086 Hanc
682 1028 777 1104 igitur
813 1027 938 1085 eandem
974 1045 1094 1085 causam

73 1114 199 1190 plurimi
217 1115 423 1189 defendemnt,
440 1116 473 1173 iu
492 1116 559 1191 quis
578 1117 638 1175 fuit
656 1113 688 1184 Q.
703 1114 890 1189 Hortensius,
909 1115 948 1174 M.
962 1114 1094 1192 Crassus,

38 1226 61 1263 ru
73 1202 105 1262 L.
130 1202 266 1263 Licinius
291 1201 399 1264 Calvus
426 1204 562 1280 partibus
589 1206 670 1263 inter
696 1223 727 1263 se
750 1204 931 1280 distributis,
960 1223 1033 1281 quas
1061 1206 1094 1263 in

73 1291 198 1371 agendo
216 1294 378 1351 tuerentur.
415 1293 522 1370 Itaque
545 1293 662 1352 Tullius
686 1312 721 1352 ea
743 1295 908 1369 peroravit,
936 1313 1012 1369 quae
1036 1293 1093 1352 sibi

73 1381 195 1441 lucrant
223 1381 397 1457 explicanda
425 1401 492 1456 nec,
519 1384 554 1440 ut
574 1382 710 1459 plerique
733 1381 873 1441 arbitrati
899 1385 981 1458 sunt,
1010 1386 1093 1441 extra

73 1489 197 1530 carmem
223 1472 350 1549 vagatus
379 1473 432 1530 cst.
484 1468 625 1539 Quamvis
653 1472 733 1530 enim
760 1473 888 1532 sciamus
996 1472 1093 1530 multa

73 1557 247 1619 Ciceronem
274 1559 322 1620 vel
354 1561 468 1618 iratum
495 1561 544 1618 vel
575 1561 725 1620 dolentem
752 1561 788 1619 de
815 1559 1002 1637 passionibus
1031 1561 1092 1620 suis

38 1670 59 1708 ss
72 1649 155 1708 ultra
176 1666 272 1724 paene
295 1667 385 1724 quam
407 1668 454 1708 res
477 1653 612 1724 posceret
635 1667 814 1728 exaggerare
837 1650 967 1725 solitum,
990 1651 1092 1708 tamen

72 1737 154 1813 quod
190 1737 240 1796 hic
274 1738 391 1814 prolixa
424 1737 554 1813 quadam
585 1737 836 1798 turbulentissimi
867 1740 1009 1814 temporis
1042 1738 1091 1796 de-

72 1827 235 1903 scriptione
268 1827 397 1885 multum
433 1828 593 1887 voluminis
631 1831 769 1903 occupat,
806 1847 866 1886 non
902 1828 1092 1886 mediocriter

72 1916 193 1975 videtur
211 1915 249 1974 ad
271 1933 411 1992 praesens
430 1917 584 1994 negotium
602 1918 759 1991 pertinere.
797 1914 1002 1977 Ostendendae
1021 1920 1092 1975 sunt

72 2007 153 2064 enim
180 2003 212 2062 Ρ.
243 2003 340 2064 Olodii
368 2005 527 2065 seditiosae
559 2005 806 2082 turbulentaeque
833 2006 915 2064 illius
948 2007 1091 2081 temporis

38 2096 205 2154 sactiones
236 2097 266 2152 et
292 2095 433 2169 iniuriae,
461 2111 536 2170 quas
568 2095 632 2169 ipse
657 2092 758 2154 Cicero
790 2112 947 2170 perpessus
980 2096 1033 2169 sit,
1061 2097 1091 2152 et

71 2184 234 2258 utilitates,
264 2201 338 2259 quas
361 2185 394 2241 in
415 2182 498 2242 illius
525 2184 716 2242 restitutione
738 2185 839 2260 patria
862 2185 1019 2243 consecuta
1041 2185 1081 2241 sit

71 2275 102 2331 ut
125 2275 208 2331 recte
231 2290 265 2330 ac
287 2273 452 2331 necessario
476 2270 508 2329 P.
532 2271 646 2331 Sestius
675 2275 805 2332 armatos
827 2271 967 2331 habuisse
990 2273 1089 2332 videa-

71 2365 118 2420 tur
138 2355 216 2439 (ac)
239 2364 397 2437 propterea
419 2362 460 2420 sit
482 2362 610 2420 maxime
633 2364 798 2439 praesentis
818 2363 951 2421 criminis
974 2361 1090 2420 invidia

71 2449 251 2508 liberandus.
311 2450 409 2508 Multa
441 2450 563 2524 quidem
596 2451 629 2508 in
652 2452 796 2510 orationis
834 2469 922 2510 cursu
958 2453 1088 2527 praeter:

40 2541 238 2613 remittemus,
261 2557 336 2614 quae
359 2541 482 2615 propter
505 2539 734 2599 similitudinem
757 2557 863 2599 causae
886 2541 918 2597 in
942 2557 1089 2598 commen-

72 2631 149 2687 tario
166 2645 330 2705 proxumae
349 2629 493 2688 orationis
513 2628 709 2687 ostendimus:
733 2647 858 2707 ergone
878 2630 1089 2704 expectaveris

72 2719 114 2790 ut,
138 2715 234 2776 sicubi
257 2716 405 2792 inciderit,
429 2716 532 2776 eadem
554 2735 656 2776 rursus
679 2719 829 2776 iteremus.

400 2831 530 2905 (Desunt
551 2832 596 2890 ΙΙ
607 2832 762 2907 popinae.)

222 2949 331 3024 facere,
365 2967 455 3025 quam
487 2949 651 3024 separatim
683 2947 741 3007 sibi
773 2947 985 3022 depoposcerat
1022 2965 1086 3006 exe·
1106 2949 1121 3008 t
1141 2950 1165 2998 5.

41 3037 227 3111 sequendam.
283 3036 398 3114 Quippe
430 3039 457 3096 si
487 3039 674 3112 responsioni
702 3037 860 3095 criminum
888 3034 925 3095 ab
952 3037 1004 3110 iis,
1035 3037 1087 3111 qui

138 3213 151 3260 1
173 3205 280 3275 species
296 3207 320 3262 0
371 3208 552 3276 lactem-1·
567 3209 720 3262 uu.lia.=
736 3209 772 3261 32
787 3207 837 3260 litt.
860 3205 1086 3272 ἀντεγκλήματοε

75 3282 116 3332 καὶ
130 3280 311 3334 ἀντιετάεεω(
324 3279 414 3347 suppl.
423 3278 466 3348 Zp
539 3284 572 3331 13
592 3280 641 3332 lue.
653 3277 702 3348 5¹),
715 3294 764 3331 om.
775 3303 808 3322 =
825 3280 860 3330 12
875 3279 925 3332 titt.
941 3279 971 3331 ἐν
985 3295 1086 3344 παρεκ-

76 3351 144 3413 idest
166 3351 256 3418 suppl.
271 3349 313 3420 Zp
399 3355 431 3402 15
455 3350 612 3418 poceretO
696 3353 728 3400 16
755 3348 1017 3417 descriptionemt'

76 3478 105 3524 17
119 3473 298 3530 uolumnisO
360 3479 392 3526 19
406 3471 585 3527 turbulentae
600 3473 688 3540 quiO
750 3478 783 3526 20
798 3472 868 3528 ch
920 3422 1030 3527 C'CCRO

76 3543 110 3596 sis
129 3546 162 3611 0,
180 3561 247 3600 corr.
263 3546 304 3616 Zp
376 3543 665 3599 21restitutiones0
739 3549 772 3598 23
792 3543 869 3616 (ac)
885 3541 918 3599 St
989 3548 1023 3596 2⁷
1041 3543 1086 3598 bic

76 3615 104 3667 iu
122 3617 144 3670 0
160 3618 233 3671 linea
250 3633 339 3672 uacua
358 3623 397 3672 est

893 3701 923 3753 62
