2554 3978
161 189 203 253 70
557 189 630 244 PRO
653 188 792 243 MILONE

225 357 449 416 Decernebat
465 351 577 432 'enim,
604 359 644 415 ut
665 357 850 418 veteribus
873 351 1078 436 (legibus),
1101 359 1173 414 tan-

158 449 233 505 tum
273 445 373 505 modo
416 449 516 505 extra
552 446 711 506 ordinem
748 449 991 522 quaereretur.
1053 445 1174 504 Divisa
1268 455 1269 474 ¹

158 537 342 594 sententia
365 538 418 594 est
439 536 649 612 postulante
672 538 792 595 nescio
817 553 892 610 quo.

225 623 333 683 Sensus
356 624 405 683 hic
427 627 459 682 in
482 624 661 684 obscuritate
686 627 743 700 est3
768 624 845 682 illud
867 626 947 683 enim
968 625 1001 680 in
1023 624 1174 699 proposito
1268 655 1269 662 κ

156 712 247 771 habet
283 713 399 772 Tullius
435 712 539 772 docere
575 713 613 772 ab
645 717 752 772 senatu
783 714 860 772 nihil
896 715 999 773 contra
1035 711 1210 770 Milonamt
1268 715 1269 748 l

157 804 304 862 statatum
324 805 353 861 et
371 803 467 878 primo
487 802 607 877 quidem
624 804 670 862 ita
688 805 860 878 conseptum
879 802 970 860 fuisse
989 801 1175 872 sententiam,

156 892 192 949 ut
215 891 250 949 de
273 890 327 950 illa
350 891 439 950 caede
462 892 610 952 veteribus
633 891 748 970 legibus
769 893 853 950 extra
871 891 1005 950 ordinem
1023 909 1176 966 quaerere
1268 907 1269 912 ¹

157 982 215 1054 tur,
234 979 285 1038 sed
304 999 319 1038 e
338 978 454 1040 diverso
473 981 605 1040 extitisse
625 981 726 1055 alium,
748 982 801 1056 qui
819 979 1034 1039 contradiceret
1056 998 1096 1020 ⁴-
1118 981 1176 1038 sive
1268 1015 1269 1022 κ

156 1067 275 1126 Fufium
294 1066 436 1127 Calenum
455 1070 517 1128 sivo
540 1070 617 1128 alius
636 1070 688 1128 ille
706 1070 805 1144 fuerit,
829 1068 994 1127 ridebimus
1013 1099 1058 1108 —-
1076 1070 1176 1144 postu·
1268 1087 1269 1110 ¹

157 1157 305 1232 larstque,
333 1160 368 1216 ut
394 1159 559 1216 sententiae
583 1159 689 1217 divisio
714 1158 805 1217 fieret.
851 1157 916 1216 Hoc
939 1159 1040 1216 autem
1063 1157 1178 1216 solebat
1191 1179 1214 1218 ro
1268 1163 1269 1200 l

157 1245 302 1320 accidere,
336 1265 402 1305 cum
434 1246 591 1306 videbatur
623 1248 731 1323 aliquis
763 1266 816 1322 per
848 1248 980 1306 saturam
1010 1245 1047 1304 do
1073 1246 1177 1304 multis

156 1334 243 1394 rebus
266 1353 357 1394 unam
384 1337 563 1395 sententiam
590 1337 711 1411 dixisse;
741 1339 772 1394 et
798 1335 927 1396 habebat
953 1353 1179 1410 nonnumquam
1268 1343 1269 1364 ³

157 1425 278 1483 conexio
296 1425 466 1484 huiusmodi
483 1444 583 1484 rerum
605 1426 770 1484 multarum
790 1424 995 1483 fraudulentas
1015 1425 1179 1498 captiones,

156 1513 192 1570 ut
213 1512 300 1572 rebus
324 1515 426 1588 aequis
449 1532 495 1573 res
518 1514 670 1589 improbae
692 1515 887 1573 miscerentur
914 1515 1004 1588 atque
1025 1514 1071 1571 ita
1094 1513 1180 1571 blan·
1268 1523 1269 1556 ³

157 1602 296 1660 dimentis
320 1602 497 1677 quibusdam
526 1603 700 1679 obreperent
727 1603 766 1662 ad
788 1602 950 1678 optinenda
977 1620 1025 1676 ea,
1053 1620 1131 1676 quae
1154 1603 1215 1664 sia
1268 1613 1269 1648 ³

155 1709 210 1765 per
246 1708 276 1748 se
313 1692 504 1768 singulariter
544 1693 791 1768 proponerentur,
833 1691 987 1768 displicere
1027 1690 1180 1749 deberent.

157 1778 390 1838 Desiderabatur
411 1781 523 1855 itaque,
546 1782 580 1839 ut
602 1780 686 1840 lieret
708 1782 872 1840 sententiae
896 1781 1016 1854 divisio,
1046 1780 1103 1838 hoc
1125 1782 1181 1854 est,

157 1869 192 1924 ut
218 1866 254 1925 de
283 1869 420 1944 singulis,
452 1888 512 1928 non
539 1870 575 1928 do
601 1869 735 1945 pluribus
763 1889 823 1928 una
850 1870 999 1929 sententia
1021 1868 1180 1928 diceretur.

157 1956 197 2015 Et
219 1957 273 2015 illa
297 1976 366 2035 orgo
389 1959 545 2033 sententia,
568 1977 644 2033 quae
662 1953 741 2036 <de>
764 1977 853 2018 causa
875 1958 994 2016 Milonis
1018 1958 1182 2031 ferebatur,

158 2046 244 2120 quasi
270 2065 329 2105 non
357 2049 422 2106 erat
449 2047 587 2122 simplex;
618 2067 688 2106 nam
715 2047 773 2106 duo
802 2045 1055 2122 conplectebatur:
1086 2047 1124 2104 nt
1149 2047 1216 2107 etro

157 2134 306 2194 veteribus
328 2135 444 2214 legibus
465 2137 495 2194 et
514 2137 597 2194 extra
620 2137 753 2194 ordinem
776 2139 976 2211 quaereretur.
1012 2134 1091 2193 Huic
1115 2154 1182 2194 sen·

156 2225 269 2281 tentiae
297 2223 370 2282 dicit
392 2224 431 2281 M.
451 2225 567 2283 Tullius
594 2227 787 2284 intercessum
810 2227 900 2300 atque
922 2226 968 2284 ita
990 2225 1118 2298 factum,
1145 2228 1183 2283 ut
1268 2267 1269 2284 1

158 2313 241 2370 extra
264 2313 398 2371 ordinem
418 2313 538 2388 quidem
557 2315 757 2388 quaereretur,
780 2316 958 2372 nontamen
976 2315 1105 2386 vetrmta,
1129 2313 1182 2372 sed
1268 2299 1269 2372 i

158 2419 236 2459 nova
263 2401 329 2479 lego
350 2401 500 2477 Pompeia.
545 2401 604 2460 Pro
627 2404 738 2462 Milone
766 2404 866 2462 autem
894 2402 999 2461 obnixe
1028 2401 1181 2462 laborasse

159 2486 192 2557 Q.
207 2488 384 2550 Hortensius
407 2490 572 2550 videbatur.
1194 2509 1217 2550 rr

228 2628 244 2676 9
264 2623 363 2679 Ascon.
384 2623 472 2694 (adh.
488 2624 517 2695 l.)
538 2630 580 2692 99,
596 2631 629 2678 14
652 2641 686 2678 ex
699 2624 791 2678 Actis:
814 2625 972 2692 invenimus
990 2623 1108 2690 Fufium,
1129 2626 1181 2693 qui

162 2693 270 2748 diceret
289 2694 423 2749 ‘Divide‘.

228 2771 262 2819 25
281 2766 382 2820 Ascon.
394 2767 441 2834 (ad
455 2767 481 2820 h.
493 2766 522 2836 1.)
538 2771 580 2834 391
597 2771 629 2820 10
644 2783 677 2820 ex
686 2767 778 2820 Actisz
794 2783 857 2821 cnm
870 2766 1036 2821 Hortensius
1051 2765 1181 2833 dixisset,

162 2839 194 2890 ut
214 2839 292 2891 extra
311 2838 439 2892 ordinem
458 2839 639 2906 quaereretur

228 2946 397 3052 rueretis·
453 2997 608 3122 <legibusss
622 2997 764 3053 coddtt'c
833 2997 973 3052 afflato
1038 2997 1180 3052 elafium

160 3067 312 3122 Caelanum
332 3069 409 3135 Ome,
432 3086 500 3124 corr.
518 3069 556 3124 Or

160 3191 184 3246 0
255 3198 287 3246 14
317 3141 530 3249 MlsceReNTllR
610 3198 643 3246 15
669 3193 816 3263 obreperet
837 3208 881 3246 mo
940 3178 1009 3248 6d†
1096 3198 1129 3247 18
1154 3195 1177 3248 ol

159 3318 357 3388 censueras
448 3340 480 3387 19
509 3333 587 3407 <a0>
606 3336 639 3391 st
724 3340 758 3388 ao
787 3262 1108 3390 costle‘irearu

160 3463 194 3510 23
209 3419 326 3513 teuit
335 3404 461 3529 busta
477 3474 532 3530 eqo,
551 3475 718 3528 quostquam
731 3465 813 3514 acteo
828 3473 863 3513 en
877 3458 1004 3513 additam
1017 3459 1086 3524 cidi,
1104 3475 1179 3514 auae

159 3581 232 3635 cibit
245 3584 396 3652 perspicere
412 3599 523 3651 possum
600 3588 634 3636 24
658 3532 831 3644 ΟΒΝὲΧᾶΘ

600 3069 672 3122 ufius
691 3068 810 3122 Calenus
829 3069 871 3139 Zp
957 3073 990 3121 13
1009 3068 1179 3124 huiusmodo
