2510 3970
149 203 215 269 164
515 200 587 255 PRO
611 200 749 255 ARCHIA

51 382 129 444 524.
217 369 329 441 Quid?
351 371 475 431 noster
497 370 555 428 hic
578 369 735 448 Magnus.

215 460 260 518 De
285 460 336 519 On.
355 459 497 535 Pompeio
521 458 580 518 dici
607 462 653 518 est
679 459 881 518 manifestum.
927 459 968 518 lit
993 461 1184 536 opportune,

148 552 291 627 quoniam
322 567 414 625 supra
444 549 625 607 mentionem
656 548 768 608 fecerat
799 548 969 609 Macedonis
996 547 1183 624 Alexandri,

148 639 195 700 cui
227 639 283 699 boc
314 638 394 698 idem
425 637 655 715 cognomentum
685 638 758 712 fuit,
790 637 827 696 de
859 637 1001 714 Pompeio
1035 637 1182 699 dicmrus

151 729 262 788 adiecit
284 729 329 786 bic
350 731 455 786 cester.
1204 745 1213 784 ι

53 825 131 886 525.
218 817 448 895 Epigramma
489 817 523 873 iu
566 833 643 874 eum
683 816 845 890 fecisset,
886 816 1029 875 tantum
1068 816 1182 876 modo

151 907 305 967 alteruis
329 904 503 964 versibus.
741 900 746 906 ’

216 995 263 1054 Ab
287 995 421 1070 exemplo
443 991 612 1067 iudicando,
636 1011 696 1052 non
715 992 778 1052 sine
797 991 967 1052 differentia
983 995 1090 1053 tamen
1112 1013 1180 1070 per·

150 1103 291 1144 sonarum
322 1085 395 1143 haec
427 1083 648 1159 argumentatio
680 1082 824 1158 impletur
851 1081 884 1140 L.
909 1081 1025 1158 Syllam
1051 1085 1182 1157 praeter

149 1176 261 1233 ceteros
280 1173 408 1233 Archiae
428 1171 568 1230 daturum
586 1172 741 1229 civitatem
758 1170 925 1231 Romanam
945 1172 1046 1246 fuisse,
1063 1174 1181 1246 potitae
1192 1192 1213 1232 ιι

150 1262 348 1336 nobilissimo,
394 1260 446 1337 qui
486 1261 580 1318 etiem
619 1260 714 1319 malos
754 1260 913 1336 plerosque
955 1262 1122 1321 existimas
1159 1263 1181 1320 't

149 1351 347 1412 honorandos.
381 1350 554 1408 Alternos
577 1350 672 1426 igitur
690 1368 791 1409 versus
810 1350 885 1408 dicit
904 1350 1049 1427 elegiacos
1066 1352 1179 1411 metris

151 1441 264 1500 scilicet
283 1435 525 1500 dissentientibus
539 1439 647 1497 varios.
679 1437 797 1498 Primus
812 1441 913 1497 sutem
926 1439 1046 1498 videtur
1059 1439 1180 1515 elegiu-

151 1549 218 1588 cum
238 1547 357 1588 carmen
371 1526 523 1587 scribsisse
537 1525 677 1586 CaHinos.
709 1526 813 1585 Adicit
824 1527 1003 1587 Aristoteles
1016 1531 1179 1603 praeterea

150 1619 206 1678 hoc
233 1637 325 1696 genus
352 1619 456 1694 poetas
484 1615 698 1674 Antimachum
726 1614 927 1691 Oolofonium‚
957 1615 1178 1676 Archilochum
1189 1635 1211 1676 u

150 1707 281 1780 Parium,
303 1707 514 1765 Mimnermum
533 1703 731 1778 Golofouium‚
754 1723 882 1781 quorum
904 1723 1027 1766 numero
1050 1705 1177 1765 additur

151 1797 241 1856 etium
267 1795 367 1869 Solon,
390 1794 620 1853 Atheniensium
641 1795 743 1871 legum
765 1793 892 1854 scribtor
914 1794 1132 1855 nobilissimus.

217 1884 267 1943 Ex
299 1885 355 1943 his
388 1883 507 1957 rebus,
545 1900 632 1958 quas
664 1881 855 1956 vendebat,
891 1884 1002 1944 iussit
1034 1884 1064 1943 ei
1100 1887 1175 1942 tum

150 1975 307 2050 pretium
354 1971 483 2048 tribui,
531 1972 591 2030 sed
639 1989 679 2030 ea
727 1972 951 2047 condicione,
999 1992 1042 2032 ne
1085 1972 1175 2049 quid

145 2062 485 2140 postsascriberet.
1187 2080 1210 2120 ιι

217 2153 286 2212 Nou
308 2153 410 2228 potuit
428 2150 593 2227 expressius
612 2151 688 2208 vitia
707 2151 813 2225 poetae
831 2150 991 2225 declarare,
1016 2169 1109 2226 quam
1128 2151 1174 2209 di·

152 2240 244 2300 cendo
258 2241 363 2300 datum
376 2241 424 2299 illi
438 2257 497 2299 non
506 2241 673 2315 praemium
686 2239 794 2314 laudis,
808 2239 861 2298 sed
873 2240 1040 2300 mercedem
1049 2240 1173 2300 silenffi

65 2341 141 2402 526.
220 2330 339 2389 Etiam
363 2326 547 2388 Cordubae
570 2329 667 2388 natis
694 2329 812 2405 postis
839 2329 973 2406 pingue
1003 2328 1173 2405 quiddam

153 2418 377 2478 sonantibus.

219 2507 264 2565 De
287 2509 442 2568 versiculis
470 2525 524 2566 nec
547 2507 667 2584 egregio
689 2507 773 2564 cultu
800 2525 854 2566 neo
877 2523 1003 2567 amoena
1024 2507 1172 2566 varietate
1186 2525 1210 2564 ss

153 2614 206 2655 nec
230 2597 428 2656 eminentibus
451 2594 554 2674 ligonis
578 2613 697 2654 carmen
719 2596 907 2655 instructum.

67 2696 144 2756 527,
220 2686 387 2746 Decimus
413 2684 557 2761 quidem
579 2683 720 2743 Brutus.

218 2774 277 2834 Hic
313 2775 425 2835 Brutus
462 2772 618 2833 Gallaecos
655 2775 714 2832 fuit
750 2775 946 2851 cognomento
984 2773 1021 2835 ob
1057 2793 1104 2834 res
1138 2775 1171 2832 in
1250 2749 1251 2840 l

151 2862 299 2940 Hispania
326 2883 387 2925 non
413 2865 512 2922 minus
535 2865 653 2922 strenue
677 2879 767 2938 quam
794 2863 923 2922 feliciter
945 2865 1054 2942 gestes.
1099 2863 1169 2922 llius

220 3005 254 3052 14
271 2999 389 3053 Aristot.
408 2997 452 3053 cd.
471 2995 590 3052 Bskker.
608 2995 663 3051 vol.
682 2996 707 3050 V
725 2996 759 3051 fr.
777 3001 828 3050 626
847 3001 993 3066 p.1584a.

220 3075 253 3123 29
263 3087 318 3140 sqq.
333 3069 404 3124 Vell.
424 3069 450 3123 Π
469 3075 493 3122 6.
526 3067 584 3122 Liv.
599 3084 657 3136 per.
672 3067 742 3122 LVI.
770 3064 1167 3152 Oros.Vt‚12(cc13isio?).

221 3193 479 3263 iopportunan
549 3193 870 3262 AoognomentuumG
939 3189 1166 3248 dadiudicaudo

155 3265 219 3319 Orno
238 3265 403 3318 adducendo
423 3264 461 3318 Or
538 3269 571 3317 12
596 3263 701 3320 diciC
772 3270 806 3318 14
830 3264 881 3318 alii
903 3266 1004 3322 nosO
1081 3269 1112 3318 18
1131 3261 1166 3316 iis

89 3343 95 3352 '
153 3334 231 3387 codd.
248 3336 303 3390 (iic.
357 3337 418 3386 tum
436 3340 500 3387 astte
519 3333 660 3388 vendebat
669 3342 781 3402 ponuat
798 3337 875 3390 codd.
888 3338 943 3392 Oic.
983 3335 1082 3391 iubere
1094 3333 1165 3392 codd.

156 3403 211 3456 (lic.
283 3408 315 3454 19
339 3401 480 3471 praetium
499 3404 522 3457 0
542 3405 664 3471 pretium
687 3423 730 3459 mo
752 3406 910 3474 praemium
932 3409 1009 3462 codd.
1030 3407 1085 3462 (lie.

156 3477 189 3523 23
208 3471 386 3540 pinguemO
456 3479 489 3525 25
509 3473 545 3525 de
564 3474 628 3528 Ome
646 3473 677 3527 id
695 3477 739 3532 est
756 3475 788 3530 St
860 3483 894 3530 26
913 3480 1053 3532 structum
1070 3479 1101 3534 St

157 3578 357 3643 recognosco
378 3576 401 3630 o
477 3581 510 3627 ao
531 3546 780 3636 resumtum
