2510 3970
177 191 241 257 150
459 191 531 246 Pac
553 190 709 246 posuero
733 196 899 258 ses-102.

173 449 193 508 d
240 360 535 422 Thessalonicam
577 379 629 421 ms
673 361 711 420 in
751 361 1075 436 quaestoriumque
1120 378 1204 436 pcr-

197 451 284 510 urit.

238 547 413 624 Hospitium
453 548 621 624 quaestoris
661 547 831 626 significans
871 547 993 623 proprie
1029 545 1201 605 secundum

172 636 350 696 vocabulum
386 638 581 714 magistratus
623 638 714 696 stiam
750 636 816 696 loco
852 637 912 711 ipsi
952 653 1065 694 nomen
1107 635 1201 694 dedit.

171 725 258 784 Nunc
281 727 382 784 autem
482 727 590 800 omnia,
613 727 646 785 in
669 725 776 802 quibus
798 727 901 784 variae
924 725 1089 803 dignitatis
1115 743 1226 801 praa-s

172 814 250 874 sides
272 813 418 888 habitent,
440 816 629 890 praetoria
651 816 854 874 nominantur.

66 916 151 977 §101-
240 911 425 987 Siquidem
448 911 606 990 egotibi
629 914 732 972 vivus
755 931 825 972 non
847 927 1005 988 prosum,
1033 912 1106 986 qui
1130 912 1203 970 for·

171 1002 268 1060 tasse
291 1002 453 1060 mortuus
475 999 703 1075 profuissem.

237 1097 417 1158 Lacrimosis
455 1097 646 1158 lemmatibus
682 1100 745 1158 iam
777 1100 898 1176 perorat
930 1097 1065 1157 adfectu
1106 1099 1203 1158 animi

172 1187 218 1246 sui
250 1207 318 1248 cum
348 1188 435 1246 varia
465 1188 659 1247 miseratione
686 1206 840 1263 promens,
870 1189 906 1246 ut
932 1187 1052 1246 tantum
1091 1187 1237 1246 auxiliis

171 1294 237 1336 reus
261 1276 379 1351 habeat,
403 1277 549 1352 quantum
571 1295 625 1336 suo
649 1276 747 1336 dolori
768 1279 913 1353 patronus
936 1275 1093 1336 adiecerit.

65 1378 150 1438 5102.
239 1373 400 1433 Salutem
441 1373 511 1432 tibi
546 1375 640 1434 idem
676 1375 760 1434 dare
797 1375 963 1452 possunt,
1003 1374 1067 1450 qui
1110 1375 1203 1434 mihi

170 1462 421 1522 reddiderunt.

236 1560 333 1620 Nimis
362 1577 482 1620 ...wo
526 1560 574 1620 Ad
596 1561 811 1638 permovendos
839 1560 951 1620 iudices
978 1560 1202 1636 procliviorem

170 1650 244 1709 facit
270 1649 442 1726 inpetrandi
468 1650 648 1710 facilitatem
675 1651 858 1710 constituens
885 1651 917 1709 in
945 1668 1048 1708 eorum
1077 1650 1235 1710 miseri-1⁵

150 1738 272 1820 ¹cordia
315 1738 538 1798 firmamentum
587 1740 693 1798 salutis
741 1738 792 1797 Gn.
834 1738 967 1812 Plancii,
1015 1757 1071 1814 per
1124 1758 1200 1815 quos

170 1828 234 1902 ipse
266 1829 306 1887 sit
337 1827 468 1886 reditum
499 1830 681 1888 consecutus.
740 1827 790 1886 Ita
826 1828 978 1906 eleganter
1010 1828 1041 1886 et
1072 1846 1135 1902 pro
1170 1847 1201 1886 se

171 1917 283 1994 gratiss
325 1918 389 1995 agit
430 1918 461 1976 et
500 1917 570 1977 huic
609 1935 696 1992 pares
737 1917 935 1977 humanitatis
976 1916 1105 1976 eventus
1150 1916 1201 1974 de-

169 2007 317 2080 precatur.

237 2102 372 2162 Mecum
403 2121 465 2162 vos
494 2103 601 2162 simul
628 2103 686 2162 hic
712 2105 936 2163 miserrimus
965 2104 1000 2161 et
1031 2103 1235 2176 optimusro

171 2190 378 2251 obtestatur
412 2210 543 2268 pareus
581 2193 616 2250 et
646 2211 710 2267 pro
742 2211 811 2251 uno
844 2193 928 2252 filio
961 2191 1028 2250 duo
1065 2195 1199 2267 patres

171 2280 412 2356 deprecamur.

279 2424 286 2438 .
320 2423 325 2434 .
371 2376 467 2437 valde.
525 2376 678 2454 Copulatis
719 2379 871 2456 utrimque
911 2379 1045 2455 personis
1088 2380 1123 2437 et
1165 2380 1199 2436 in

170 2468 257 2542 patre
292 2467 356 2525 sine
392 2465 483 2525 dubio
519 2467 683 2543 plurimum
720 2468 878 2527 constituit
918 2467 1123 2527 miserationis
1167 2469 1200 2526 et

171 2554 229 2614 sibi
265 2555 389 2614 eandem
424 2557 487 2614 vim
519 2555 729 2615 sollicitudinis
766 2557 945 2631 vindicavit,
986 2557 1073 2632 quasi
1111 2557 1197 2616 utor·
1210 2573 1232 2612 ss

171 2662 228 2720 que
266 2641 317 2704 On.
344 2643 467 2704 Plancio
503 2646 591 2720 pater
622 2645 677 2719 sit,
715 2645 792 2706 alter
822 2648 944 2721 natura,
982 2646 1059 2704 alter
1091 2645 1198 2706 officio

171 2733 329 2812 gratiosus.

171 2889 386 2900 --ι--ι-

239 3007 255 3055 ὅ
283 3005 333 3058 lac.
353 3007 370 3057 4
388 3019 437 3057 cm.
457 3027 491 3047 =
510 3005 529 3055 8
548 3003 599 3058 litt
620 3002 681 3057 καθ’
700 3005 786 3057 dicu?
863 3001 1080 3058 θὶθθΜὰΤΙΒ·
1129 3009 1198 3070 post

171 3075 285 3142 perorat
302 3075 423 3144 spatium
440 3072 492 3144 ΡΑ
512 3089 561 3127 cm.
577 3099 611 3118 =
631 3077 667 3127 12
685 3075 736 3128 litt.
755 3089 873 3128 vacuum
890 3077 931 3128 est
1006 3076 1039 3124 10
1058 3071 1196 3141 proluens

173 3145 237 3198 Ome
265 3144 429 3212 provolvens
458 3145 524 3200 Mai
550 3160 681 3213 promens
710 3145 829 3213 Madoip
919 3149 953 3198 14
977 3141 1062 3196 nimis
1088 3142 1143 3196 hoa
1173 3145 1198 3199 0

173 3214 292 3268 eximius
310 3215 388 3269 locus
406 3232 449 3270 mo
467 3217 716 3287 praecurrerem
729 3215 773 3270 hic
787 3217 870 3270 latere
883 3216 941 3269 iam
957 3213 995 3269 Or
1012 3214 1085 3269 cidit
1101 3219 1194 3282 παθη·

172 3291 273 3340 τικῶεῖ
359 3290 392 3340 18
422 3287 607 3356 depraecetur
630 3288 654 3342 0
737 3291 771 3339 20
799 3300 965 3355 mecumque
992 3285 1070 3340 codd.
1090 3286 1147 3341 cto.

173 3358 226 3426 leyi
256 3358 281 3411 ΙιΙ
365 3356 402 3428 {M
492 3357 767 3414 esslmusesosu
793 3357 900 3430 .....Ι.
920 3356 1111 3413 ΤΕὓΤὰΤΙΙΚ
1137 3373 1192 3426 sqq.

173 3429 224 3483 lac.
235 3429 343 3496 primae
357 3429 406 3482 liu.
420 3445 468 3483 rm.
483 3430 545 3495 litt,
558 3430 693 3485 secundae
707 3435 722 3483 1
737 3445 786 3484 cm.
796 3453 830 3474 =
843 3432 863 3483 2
878 3430 946 3495 zius
963 3431 1040 3484 2cm.
1052 3453 1087 3474 ==
1096 3432 1116 3483 3
1125 3429 1193 3492 lim

173 3499 526 3554 tmiaercn.=2lits.
600 3500 1192 3568 ssm.2÷1ca=slic.uoeqn·

173 3573 230 3622 κῶς
247 3568 290 3638 Zp
308 3571 423 3623 δεινῶεῗ
