2554 3978
149 205 192 270 96
548 204 620 260 PRO
645 204 768 260 SESTIO

148 393 209 434 non
231 375 342 447 iurare,
365 374 405 434 ad
427 375 592 432 extremum
615 376 734 434 coactus
758 374 949 434 suasionibus
973 375 1176 450 plurimorum

149 463 268 524 ridetur
290 463 528 524 accommodasse
554 481 738 522 consensum.

52 551 130 626 §162
215 551 433 612 Meministis
461 552 566 610 illum
594 552 700 626 diem,
728 571 805 610 cum
828 553 964 628 templo
989 571 1007 611 a
1030 552 1176 631 collega

150 643 332 716 occupato.
625 695 628 704 ,
1275 710 1276 715 1

217 728 249 798 Q.
272 729 410 789 Metellus
437 729 538 805 Nepos
570 732 607 788 tr.
631 731 686 806 pl.‚
719 748 787 789 curn
819 732 978 806 plerasque
1010 731 1092 809 leges
1122 749 1178 805 per
1206 751 1218 790 s
1274 775 1275 784 ,

150 819 326 879 seditionem
349 819 440 877 ferret
462 822 493 877 et
510 820 670 894 praecipue
689 819 777 878 duas:
801 838 902 892 unam,
925 821 960 877 ut
978 819 1084 878 absens
1105 837 1177 879 con·

151 909 198 967 sul
217 904 267 966 Cn.
282 907 440 983 Pompeius
460 908 557 982 fieret
579 910 714 984 tempore
737 909 854 966 scilicet
871 907 1075 967 Mithridatici
1090 908 1177 982 belli,

151 996 231 1073 quod
253 996 290 1056 ab
314 996 417 1056 eodem
439 996 581 1073 Pompeio
606 997 777 1075 gerebatur3
805 999 836 1056 et
859 998 1002 1071 alteram,
1030 999 1066 1056 ut
1086 1017 1176 1073 prae-
1274 1026 1275 1053 1

151 1086 227 1152 sidio
250 1084 358 1146 Italiae
380 1087 497 1145 veniret
520 1086 660 1145 adversus
688 1104 774 1146 arma
797 1085 961 1160 Catilinae,
989 1086 1177 1147 contradixit

151 1176 180 1232 ei
197 1173 338 1251 pleraque
356 1174 498 1234 nobilitas
517 1177 548 1233 et
565 1176 630 1250 ipse
648 1174 696 1235 vel
715 1177 844 1234 maxime
864 1175 980 1254 collega
998 1193 1070 1234 suus
1090 1173 1177 1250 Cato,
1193 1197 1219 1236 11
1275 1222 1276 1253 5

152 1281 219 1322 eum
240 1265 341 1322 tamen
365 1261 396 1322 C.
421 1261 529 1322 Caesar
551 1266 672 1340 praetor
693 1263 815 1323 Metello
838 1267 876 1324 tr.
895 1266 936 1341 pl.
960 1264 1129 1324 adsisteret.

217 1351 321 1410 Adiit
343 1354 545 1428 periculum
568 1353 609 1412 ob
633 1372 708 1412 eam
736 1372 894 1427 causam,
922 1372 1014 1429 quae
1038 1357 1177 1430 quanta

152 1442 277 1515 fuerit,
300 1443 371 1500 iam
392 1442 481 1500 mihi
503 1442 623 1501 dicere
646 1462 715 1501 non
738 1446 793 1501 est
816 1460 973 1504 necesse.

217 1530 451 1589 Prudentissime
496 1533 663 1607 suppressit
707 1533 890 1591 mentionem
935 1532 1053 1610 legum,
1098 1550 1175 1608 quas

151 1619 288 1678 Metellus
312 1619 348 1677 de
371 1618 512 1694 Pompeio
536 1620 657 1694 tulerat,
680 1639 717 1678 ne
739 1621 839 1696 ipsum
863 1620 980 1679 scilicet
1003 1619 1176 1694 offenderet,
1193 1641 1218 1681 11

152 1709 187 1768 de
211 1726 269 1784 quo
291 1707 372 1766 latae
394 1707 580 1767 ridebantur.

56 1805 133 1868 §63-
221 1795 287 1865 Qui
309 1798 496 1873 superiore
520 1816 611 1858 anno
634 1799 762 1856 senatu
786 1799 974 1857 caruisset.

219 1885 346 1945 Consule
379 1884 409 1944 C.
435 1884 575 1960 Caesare,
608 1888 691 1945 cuius
724 1886 894 1945 actionibus
928 1885 1004 1946 Cato
1036 1904 1091 1945 nec
1126 1887 1177 1946 ad-

153 1977 266 2036 versari
295 1976 465 2034 destrictius
493 1975 613 2036 volebat
640 1994 694 2034 nec
720 1977 822 2034 tamen
850 1977 1017 2035 consentire
1045 1977 1176 2051 poterat.

219 2064 266 2123 Ut
289 2066 472 2124 sententia
495 2082 558 2124 sua
582 2064 825 2124 condemnata.
1192 2086 1219 2124 so

219 2153 287 2229 Ipse
315 2155 394 2212 enim
422 2151 496 2213 Cato
522 2153 660 2212 tribunus
688 2154 728 2229 pl.
752 2153 926 2231 designatus
954 2152 1119 2212 Lentulum
1147 2156 1178 2212 et

156 2241 319 2321 Cethegum
342 2245 372 2301 et
395 2244 507 2303 ceteros
531 2245 687 2302 censuerat
708 2243 812 2318 kapite
835 2242 1011 2318 puniendos.

58 2337 134 2402 5⁶8·
220 2333 347 2410 Magno
393 2332 575 2407 squalore,
621 2331 682 2390 sed
726 2332 840 2390 multo
886 2333 997 2391 etiam
1038 2331 1177 2392 maiore

154 2439 321 2481 maerore.

221 2509 368 2569 Distinrit
381 2509 454 2568 haec
468 2508 559 2569 verba
571 2510 702 2587 eleganti
715 2510 912 2585 proprietate:
927 2510 1077 2584 squalor
1095 2511 1177 2568 enim
1193 2529 1220 2570 as

155 2601 193 2660 ad
202 2600 339 2668 habitum
348 2600 474 2658 vestitus
483 2599 620 2673 refertur,
629 2617 761 2658 maeror
775 2596 813 2656 ad
823 2599 918 2656 animi
928 2615 1078 2675 angorem.
1093 2598 1179 2657 Dicit

156 2709 226 2770 ergo
237 2691 362 2748 fratrem
376 2706 463 2748 suum
476 2707 530 2764 per
544 2690 644 2747 omnia
657 2687 813 2766 lugubrem
823 2688 1000 2746 sustinuisse
1012 2687 1176 2746 fortunam.

58 2787 75 2849 ς
96 2785 136 2834 71.
223 2780 400 2838 Exierunt
422 2777 484 2837 duo
508 2778 665 2837 vulturii
688 2776 864 2852 paludati.

221 2869 395 2945 Direptores
414 2868 644 2943 provinciarum,
666 2865 859 2924 Macedoniae
877 2865 993 2924 scilicet
1010 2866 1042 2922 et
1060 2863 1178 2942 Syriae,

155 2960 294 3020 Pisonem
331 2956 549 3033 Gabiniumque
585 2957 687 3015 volens
723 2955 854 3031 pressius
897 2953 1065 3027 ostendere,
1107 2971 1178 3014 con·
1193 2973 1220 3014 ec

157 3048 368 3128 gruentissima
386 3046 442 3106 hac
466 3091 517 3104 ...
540 3044 720 3105 volturios
741 3043 925 3104 nominavit:
947 3061 1043 3118 rapax
1061 3043 1178 3102 animal

156 3141 188 3197 et
201 3137 440 3196 cruentissimum
454 3137 485 3194 et
503 3135 595 3194 ferme
609 3133 786 3192 cadaverum
799 3131 1031 3192 lacerationibus
1046 3133 1178 3208 pastum.

226 3323 468 3392 sspracoipuaeC
539 3326 572 3374 10
591 3321 689 3375 suosC
756 3325 788 3373 12
808 3319 956 3373 adiittum
969 3319 1114 3374 11111011.

161 3451 194 3498 15
218 3392 330 3502 Potito
350 3445 374 3500 C
449 3449 481 3496 1⁷
503 3444 669 3498 1111111110
743 3448 776 3496 18
799 3443 954 3496 aduersarii
974 3443 998 3498 0
1016 3511 1022 3524 ἡ
1068 3447 1102 3496 19
1127 3443 1177 3498 111-

161 3515 292 3570 structius
308 3518 332 3572 C
397 3520 430 3568 20
444 3516 477 3567 nt
492 3515 556 3569 Orno
569 3517 631 3567 tum
644 3514 719 3568 codd.
729 3515 784 3568 Cic.
853 3519 886 3567 30
901 3528 1058 3582 expressius
1075 3513 1113 3569 Or

162 3590 194 3638 31
215 3587 359 3642 11141111.
375 3586 523 3640 =1otira
543 3591 689 3654 μεταφορᾷ
706 3585 795 3653 suppl.
805 3585 873 3640 Mai
