2584 3978
485 191 700 246 PRAEFATIO.
1016 190 1105 245 XXIII

85 361 172 423 verbi
190 363 299 421 alneolo
318 362 427 437 latent3
450 361 506 419 hoc
525 360 592 420 dico
610 362 757 419 neminem
775 360 852 418 illud
870 362 920 434 qui
939 379 992 436 pro
1012 379 1103 434 quau-

85 457 149 510 tam
172 450 327 509 librarium
350 451 502 527 scripsisse
526 467 745 523 concessurum,
767 449 825 508 nisi
854 449 1029 525 compendia
1060 459 1104 523 01·

85 543 118 599 in
146 541 273 616 pristino
301 540 355 598 illo
382 538 544 615 exemplari
570 541 705 613 fuerunt,
728 528 804 615 quae
827 539 904 597 falso
926 541 1105 614 interpretu-

85 634 135 689 tus
155 633 207 688 est.
253 629 406 688 Accedunt
430 628 482 702 52,
501 638 535 686 24
553 628 681 699 medere
703 647 757 703 pro
774 629 899 702 perdere
922 619 957 708 (Ρ
981 647 1035 703 pro
1057 621 1104 709 Ρ)

87 721 140 792 54,
155 729 186 777 ιι
205 719 375 792 praedicam
393 736 446 794 pro
464 717 614 791 perde'tum
637 705 674 796 (Ρ
696 736 751 792 pro
774 708 820 797 Ρ)
865 716 947 776 Haec
970 718 1105 777 constare

87 810 167 866 inter
194 826 294 867 omnes
322 807 397 866 mihi
423 807 539 879 uidcor3
568 807 666 864 cetera
693 805 868 864 verisimilia
896 824 972 865 esse.
1000 806 1052 880 59,
1071 817 1104 865 28

86 931 154 973 uero
180 917 214 972 at
239 933 293 990 pro
320 932 422 973 cerm
445 891 503 996 (dd
526 931 581 988 pro
609 905 677 994 uu).
725 914 775 987 70,
790 923 823 971 23
847 917 908 971 tem
930 931 984 988 pro
1008 917 1104 972 tamen

87 995 192 1086 (Τὰῆ)
215 1005 252 1077 of.
276 1004 328 1078 84,
348 1014 371 1062 1.
396 1004 447 1078 80,
469 1013 501 1063 14
523 1019 636 1064 neeesse
658 1007 701 1063 ast
721 1021 775 1079 pro
798 1019 834 1061 ue
857 1005 927 1061 asad
950 991 1106 1083 (N'e'EeST

88 1111 144 1169 pro
168 1083 298 1173 necet).
351 1094 402 1167 80,
418 1105 449 1152 21
468 1094 571 1168 pocati
593 1113 647 1170 pro
665 1093 771 1168 postus
794 1082 944 1207 (pos'Td'
984 1091 1056 1165 100,
1071 1101 1105 1150 20

86 1201 214 1273 quodam
230 1218 284 1275 pro
299 1201 508 1273 quodammodo
527 1192 683 1301 (quodem
697 1218 754 1316 pro¹
767 1175 959 1279 quocum),
989 1199 1061 1273 126,
1071 1209 1106 1256 24

82 1305 262 1381 praceipale't
262 1324 293 1364 er
309 1325 364 1382 pro
377 1308 583 1381 priucipcliter
600 1281 637 1389 (Ρ
664 1327 718 1385 pro
744 1279 787 1382 Ρ)

154 1393 210 1454 His
240 1413 425 1472 quamquam
448 1397 508 1454 alia
534 1397 641 1456 addere
664 1415 793 1473 possum,
818 1397 919 1453 tamen
944 1393 1053 1453 satis
1044 1414 1105 1453 nam

86 1483 125 1545 ad
148 1502 246 1542 meam
268 1486 448 1543 sententiam
469 1485 680 1545 illustrandam
699 1484 797 1544 attuli,
835 1484 940 1560 Neque
959 1502 1029 1543 vero
1048 1483 1104 1541 hoo

87 1573 305 1651 neglegendum
329 1573 459 1633 arbitror
481 1573 733 1633 verisimillimum
756 1591 819 1632 esse
842 1571 927 1630 illum
946 1573 1106 1648 pristinum

87 1661 220 1722 codicem
247 1681 307 1721 non
334 1663 489 1738 perspicue
513 1667 542 1722 et
566 1664 644 1722 clare
668 1665 812 1738 scriptum
831 1663 932 1735 fuisse,
955 1680 1023 1720 cum
1047 1680 1106 1720 non

88 1750 188 1811 solum
211 1750 242 1808 in
266 1751 379 1828 graecis
403 1751 500 1810 verbis
523 1753 575 1811 sod
598 1754 690 1812 etiam
715 1753 746 1809 in
769 1751 873 1810 latinis
896 1751 1035 1809 librarius
1059 1768 1106 1810 co·

90 1841 164 1899 dicis
189 1838 346 1899 Bobiensis
369 1842 525 1917 tantopere
545 1843 697 1915 erraverit,
720 1843 755 1899 ut
777 1840 807 1898 id
832 1858 948 1914 semper
971 1839 1033 1898 eius
1057 1859 1106 1897 ne·

89 1929 243 2008 glegentia
266 1929 379 1988 factum
398 1948 461 1989 esse
480 1930 560 1988 credi
577 1932 715 2006 nequeat.
747 1927 848 1988 Unum
867 1929 1033 2004 exemplum
1051 1948 1105 2004 pro

88 2018 194 2076 multis
213 2017 348 2076 afferam:
370 2020 442 2092 115,
457 2029 472 2077 8
487 2021 650 2092 pretabere
668 2038 723 2095 pro
742 2017 962 2094 simplicissimo
977 2015 1067 2076 verbo
1087 2036 1105 2076 a

87 2106 250 2166 scholiasta
271 2108 304 2164 in
327 2108 433 2183 quavis
456 2107 568 2186 pagina
594 2109 707 2168 usitato
725 2109 854 2180 probare
881 2105 1025 2182 scriptum
1049 2110 1105 2182 est3

86 2197 145 2255 hoo
168 2198 336 2254 correctura
357 2196 390 2252 in
412 2196 466 2256 illo
490 2197 589 2256 cedite
612 2198 693 2255 iacta
717 2203 816 2255 ortum
839 2213 900 2254 esse
924 2196 1015 2270 patet.

158 2283 216 2343 Sed
237 2286 423 2344 transeamus
447 2285 484 2343 ad
512 2289 630 2362 tempus
656 2286 738 2344 illius
762 2284 871 2344 codicis
894 2283 1105 2342 definiendum:

86 2372 295 2450 percommode
322 2375 401 2432 enim
428 2374 550 2449 accidit,
578 2374 658 2450 quod
685 2374 825 2433 librarius
853 2371 962 2432 codicis
991 2391 1106 2432 summa

88 2462 247 2540 diligentia
262 2465 407 2537 quantum
420 2462 520 2538 potuit
538 2464 651 2523 scholia
670 2464 838 2538 descripsit:
857 2463 902 2521 ιιι
917 2464 995 2521 enim
1015 2463 1106 2521 etiam
1194 2533 1199 2542 ι

86 2554 176 2610 notas
199 2552 231 2608 in
255 2551 378 2627 antiquo
401 2551 454 2611 illo
477 2553 639 2628 exemplari
662 2552 700 2610 ad
718 2553 914 2629 megistnatus
937 2550 1105 2628 significan·

88 2640 142 2700 dos
167 2639 317 2700 adhibitas
340 2641 426 2700 nobis
450 2642 590 2700 servavit,
628 2642 705 2700 Sunt
727 2642 795 2699 hae:
819 2658 873 2700 eos.
898 2640 949 2714 82,
965 2650 1007 2697 ιι.
1033 2639 1105 2713 125,

89 2740 132 2788 19.
159 2730 270 2804 159,1.
294 2747 370 2788 cona
395 2730 467 2804 146,
482 2741 525 2788 21.
570 2730 635 2788 Iam
659 2722 800 2810 scimus¹)
828 2731 932 2789 notam
959 2744 1014 2786 cos.
1036 2729 1107 2803 post

88 2817 240 2878 saeculum
264 2821 407 2894 quartum
427 2837 523 2895 neque
546 2818 578 2876 in
601 2820 701 2878 titulis
724 2838 819 2894 neque
842 2819 873 2875 in
897 2817 1105 2891 manuscn'ptis

87 2908 227 2981 inveniri,
245 2908 311 2982 ipso
330 2907 447 2967 saeculo
463 2911 569 2984 quanto
588 2927 718 2984 perraro,
737 2908 842 2983 primo,
861 2906 997 2979 secundo,
1016 2907 1106 2964 tentio

89 2997 272 3073 saepissime.
308 2996 421 3055 Notum
443 3013 518 3055 cons,
537 3016 607 3057 vero
627 3000 726 3057 aetate
745 2996 933 3054 Diocletiana
950 2997 995 3053 ιιι
1014 2995 1106 3072 gemi-

88 3087 193 3144 natam
216 3103 279 3143 esse
302 3088 427 3159 constat,
449 3087 484 3143 ut
507 3090 611 3162 postea
634 3103 710 3145 cons.
729 3104 830 3159 unum,
849 3101 939 3143 conss.
959 3084 1017 3143 duo
1037 3101 1105 3143 con·

88 3175 168 3234 sules
197 3173 352 3250 significet.
406 3174 513 3250 Itaque
542 3175 589 3233 his
617 3177 697 3234 notis
732 3174 879 3233 evincitur
911 3173 1106 3248 archetypum

164 3435 189 3502 1)
210 3434 301 3499 Rosci,
319 3434 401 3488 inser.
420 3433 510 3488 ιινιιι.
528 3434 618 3501 praef.
639 3433 760 3487 XXIII.
797 3431 1041 3502 Siteuupsberiehte
1059 3431 1108 3486 der

90 3505 393 3644 &meddam
420 3503 468 3558 der
490 3505 721 3572 Wiseenechuften
749 3507 838 3569 1868,
861 3522 892 3573 p.
921 3506 984 3558 158.
1022 3503 1105 3557 Auno.
