2584 3978
533 231 548 292 ς
568 230 682 279 11-11.
1075 225 1115 290 13

167 390 257 454 ‘Hoc
284 389 386 468 dico'‚
409 395 544 470 iuquIt,
566 389 614 452 ‘te
642 411 717 454 esse
745 413 761 452 e
788 388 1004 469 municipio'
1050 395 1116 454 Fa·
1135 401 1150 462 ξ
1171 399 1212 449 13.

99 486 178 544 teor
202 484 237 542 et
260 483 349 543 addo
373 484 494 542 etiam:
519 502 557 542 ex
580 502 619 542 eo
642 484 853 558 municipio,
876 483 966 542 unde
985 485 1117 543 iterum

100 575 171 632 Iam
194 573 292 632 salus
315 573 398 632 huic
420 572 501 630 urbi
523 574 747 648 imperioque
770 574 879 632 missa
902 575 963 632 est.

168 707 211 720 ...
230 681 340 740 magna
358 680 425 721 cum
444 663 540 740 gloria
554 660 686 721 subdidit
699 661 922 721 consensionem
936 662 1116 736 amplectens

76 752 259 826 smunicipii
290 752 337 810 sui
368 750 524 826 Arpinatis
557 752 707 829 egregiam
738 751 941 809 nobilitatem:
976 750 1055 810 unde
1087 753 1118 809 et

102 838 132 898 C,
156 838 269 899 Marius
301 841 461 914 exstiterit,
493 839 638 899 bellorum
667 841 865 898 maximorum
896 841 1117 900 strenuissimus

100 931 208 1002 victor,
231 931 261 986 et
282 930 355 1004 ipse,
378 930 461 988 cuius
479 929 649 988 consulatus
669 929 707 988 ad
725 929 950 1005 opprimendam
970 927 1117 988 Catilinae

102 1019 340 1077 coniurationem
362 1019 503 1078 salutaris
526 1018 676 1077 inluxerit.

168 1107 277 1165 Nemo
318 1108 414 1166 istuc
455 1106 493 1165 M.
532 1104 661 1166 Catoni
697 1109 787 1181 seni,
833 1125 932 1166 nemo
969 1107 1116 1166 Tiberio

62 1217 88 1258 ro
103 1194 343 1269 Coruncanio,
365 1214 465 1254 nemo
488 1195 606 1256 Manio
631 1194 745 1254 Curio.

169 1282 209 1342 M.
234 1281 309 1344 Cato
335 1285 387 1344 ille
412 1283 567 1344 Censorius
591 1287 621 1344 et
644 1284 709 1343 Tib.
729 1282 931 1344 Coruncanius
959 1285 1118 1343 bierunte

101 1374 266 1448 muniprio
294 1373 474 1448 Tusculano,
501 1372 619 1434 Manius
642 1392 731 1449 porro
755 1371 874 1448 Curius,
898 1375 950 1449 qui
973 1373 1010 1432 de
1033 1373 1117 1432 Sam·

101 1462 216 1522 nitibus
247 1463 430 1538 triumfavit,
458 1462 575 1522 Sabinis
608 1463 750 1522 oriundus
782 1461 915 1537 videtur,
945 1461 999 1520 ubi
1028 1463 1119 1521 etiam

102 1551 202 1610 foculo
231 1551 366 1611 adsidens
395 1571 513 1625 aurum,
541 1551 598 1612 sibi
626 1551 705 1626 quod
730 1552 830 1611 hostes
858 1553 1043 1627 optuleram,
1074 1570 1119 1610 re·

65 1640 243 1716 repudiavit
277 1641 425 1700 confessus
449 1643 552 1700 votum
580 1640 637 1700 sibi
669 1659 731 1700 esse
762 1641 971 1717 praecipuum,
998 1659 1058 1699 non
1085 1642 1120 1698 ut

102 1732 166 1805 ipse
189 1729 295 1805 opibus
315 1729 465 1804 adtineret,
489 1729 540 1789 sed
558 1734 593 1788 ut
610 1731 777 1806 pecuniosis
795 1729 929 1790 hostibus
948 1731 1117 1805 imperaret.

170 1818 235 1877 Est
259 1820 351 1876 enim
373 1820 450 1894 ipse
472 1821 633 1878 materno
658 1837 786 1896 genere
809 1820 1050 1894 municipalis.
1138 1822 1215 1883 525.

170 1905 251 1976 Quos
278 1909 314 1965 in
345 1909 444 1966 totum
476 1908 625 1968 destruere
662 1927 721 1966 non
748 1909 863 1982 potuit,
896 1927 930 1966 ox
957 1909 1043 1983 parte
1071 1907 1119 1966 de·

103 1997 222 2056 struxit.
267 1996 347 2055 Nam
373 1997 519 2055 familiae-
533 1996 664 2056 Manliae
691 1997 800 2056 veteris
829 1997 949 2075 egregia
978 1996 1119 2056 nobilitas

64 2105 89 2144 so
103 2085 268 2158 eminebat,
300 2085 352 2166 sed
378 2088 546 2145 maternum
583 2104 674 2163 genus
706 2086 878 2156 humilitare
910 2087 1034 2145 conatus
1066 2087 1119 2159 est,

103 2176 192 2250 quasi
214 2193 276 2232 non
298 2174 338 2234 sit
360 2174 408 2232 illi
433 2175 471 2233 ad
499 2175 644 2252 originem
661 2175 794 2250 parentis
814 2175 969 2250 utriusque
988 2174 1119 2252 dignitas

102 2264 265 2322 retusum
289 2263 435 2339 aequalis·

170 2351 430 2412 Honestissimi
453 2354 607 2430 generis,
630 2352 692 2412 scd
713 2354 832 2411 tamen
854 2353 1036 2412 Asculani.

170 2440 315 2500 Asculum
343 2442 448 2500 civitas
477 2443 522 2500 est
547 2442 580 2500 in
602 2441 725 2515 PIceno,
752 2441 830 2500 unde
858 2443 950 2501 etiem
972 2441 1120 2517 principia

63 2549 88 2589 ss
101 2530 177 2588 belli
200 2530 318 2589 socialis
342 2533 485 2590 arserunt.
748 2537 751 2542 '

173 2686 207 2736 11
217 2697 272 2750 sqq.
296 2679 351 2735 Cic.
371 2698 421 2750 pro
435 2681 550 2736 Plancio
565 2681 629 2736 VIII
644 2687 677 2736 20
698 2681 774 2735 Num
792 2680 905 2752 quando
917 2680 1001 2734 'vides
1015 2680 1120 2734 Tuscu·

102 2753 203 2806 Ianum
230 2751 353 2822 aliquem
382 2752 416 2807 de
443 2753 480 2805 M.
505 2752 610 2807 Catone
640 2795 703 2824 ...,
732 2770 800 2807 num
823 2754 858 2806 de
885 2752 927 2809 Ti.
947 2750 1120 2805 Coruncanio

102 2823 249 2892 municipe
263 2839 313 2876 suo
333 2866 374 2877 ...
394 2823 526 2894 gloriari?

173 2900 270 2963 lasqq.
290 2893 348 2950 Cic.v
362 2893 430 2948 Cato
453 2895 543 2949 maior
561 2895 626 2950 XVI
644 2899 677 2948 55
705 2895 751 2949 M’.
767 2893 877 2960 Curius,
906 2911 970 2947 cum
989 2895 1024 2947 dc
1043 2892 1121 2947 Sam·

103 2965 213 3020 nltibus
354 2965 572 3036 triumphasset,
609 2966 783 3036 consumpsit
819 2967 973 3020 extremum
1009 2967 1120 3034 tempus

104 3037 210 3092 aetatis
230 3079 236 3090 .
253 3079 258 3090 .
274 3079 281 3090 .
300 3037 337 3091 ad
359 3037 453 3092 focum
476 3037 586 3092 sedenti
606 3055 739 3108 magnum
762 3037 824 3091 auri
848 3036 957 3106 pondus
981 3035 1120 3090 Samnites

105 3125 172 3163 cum
191 3107 363 3176 attulissent,
381 3109 524 3178 repudiati
543 3110 620 3175 sunt3
639 3126 694 3163 non
713 3109 789 3162 enim
807 3125 906 3162 aurum
923 3107 1027 3162 habere
1040 3124 1121 3177 prae-

104 3179 215 3234 clarum
234 3178 290 3233 sibi
306 3179 396 3234 videri
415 3179 495 3246 dixit,
514 3181 563 3234 sed
582 3180 631 3248 eis,
651 3181 700 3249 qui
717 3180 862 3247 haberent,
881 3179 1027 3248 imperare.

177 3256 211 3303 24
230 3251 265 3317 cf.
285 3250 344 3304 Liv.
363 3267 420 3320 per.
440 3251 546 3304 LXXII.

176 3400 191 3448 1
211 3393 312 3461 inquid
328 3391 375 3448 Cm
411 3409 445 3450 ex
462 3395 538 3450 codd.
550 3394 604 3450 Cic.
677 3399 693 3446 4
713 3393 934 3449 111.11.11“1.--
950 3399 984 3449 16
994 3395 1044 3449 litt.
1060 3411 1121 3459 (υγ-

106 3467 234 3534 χώρηειε.
257 3467 384 3533 udinese?
431 3470 464 3519 10
478 3464 603 3520 MarioC
668 3470 700 3519 11
715 3464 818 3520 TebC
852 3463 1080 3518 ConuncaniusC

108 3543 141 3590 13
155 3535 304 3591 trifauitC
352 3541 385 3590 14
400 3535 591 3604 quodsibimo
642 3541 674 3589 17
690 3535 924 3605 ipseacoddCs'c.
970 3540 1002 3588 18
1012 3551 1067 3602 quo
1078 3535 1121 3586 sin

106 3623 150 3663 mo
169 3607 247 3676 quod
260 3607 291 3660 in
307 3605 344 3662 Or
380 3607 555 3663 dextruxitC
603 3612 635 3661 19
650 3607 821 3678 aegregiaO
867 3611 901 3660 25
916 3607 1077 3660 exarserunt
1090 3605 1122 3660 St
