2554 3978
172 173 215 238 92
573 174 645 230 nno
670 174 793 230 sasno

240 342 326 403 Itius
350 343 519 404 civitatis
543 363 668 419 essem,
690 363 731 403 ex
754 362 823 420 qua
848 342 878 403 O.
897 343 1049 404 Mucius..

239 431 305 491 Iam
331 450 424 509 supra
450 433 526 492 mihi
553 435 692 493 enarrata
719 434 843 491 memini
866 434 1001 509 exempla
1023 433 1190 508 Deciorum,

172 522 268 596 petris
295 524 326 580 et
348 521 418 597 filii,
446 524 498 598 qui
526 521 612 582 ambo
640 541 671 582 se
697 538 752 598 pro
776 523 922 582 exercitus
945 522 1072 582 Romani
1096 523 1190 583 salute

172 613 327 669 voverunt.
373 610 413 669 Et
440 611 476 670 de
505 607 536 669 Ο.
559 609 658 670 Mucio
686 607 782 671 Cordo
809 629 870 671 non
896 610 1039 690 ignobilis
1065 611 1191 672 historic

173 701 231 758 est:
255 697 314 767 Qui
336 700 416 759 solus
441 699 613 760 adulescens
631 701 734 778 vigore
757 701 852 758 animi
870 701 1103 776 strenuissimus,
1125 719 1191 759 cum
1215 718 1225 758 a

172 786 363 863 Porsinnam,
395 787 590 849 Etrrrseorum
618 808 727 868 regern,
754 789 847 848 vellet
873 788 1020 865 occidere,
1053 788 1191 866 deceptus

174 875 371 936 similitudine
397 877 518 938 habitus
547 880 747 954 purpuratum
770 879 833 938 eius
857 878 967 938 occidit
989 896 1193 955 comprensus·
1269 879 1270 908 ³

174 984 232 1042 que
255 967 378 1026 virtutis
401 967 546 1026 miraculo
569 965 709 1027 dimissus
733 969 786 1026 est.

240 1053 383 1114 Patrem
405 1056 511 1116 huius
533 1054 574 1113 Μ.
598 1053 735 1130 Crassi,
758 1054 1000 1115 fortissimum
1022 1057 1155 1116 virum:

240 1142 286 1203 De
303 1143 335 1201 P.
352 1141 458 1205 Crasso
477 1144 559 1220 dicit,
583 1146 635 1220 qui
653 1144 818 1204 victoribus
835 1143 869 1202 L.
885 1143 980 1204 Cinna
999 1146 1029 1203 et
1051 1142 1083 1203 G.
1097 1143 1192 1203 Mario
1205 1163 1228 1202 ro

173 1234 371 1309 proscriptus,
400 1251 467 1292 cum
491 1233 529 1293 ad
551 1235 678 1292 mortem
701 1236 907 1310 quaereretur,
935 1252 989 1294 sua
1016 1252 1047 1293 se
1071 1233 1192 1293 dextera

172 1322 337 1396 interfecit,
364 1324 412 1381 vir
437 1323 574 1382 inlustris
601 1324 632 1381 et
659 1324 712 1398 qui
739 1321 776 1381 de
798 1321 948 1399 Hispania
972 1323 1192 1382 triumfaverat.

76 1415 153 1476 §aa
240 1410 301 1470 Bis
346 1429 419 1470 rem
459 1432 488 1488 p.
530 1413 687 1486 servavi,
733 1411 842 1471 sernel
883 1411 1015 1490 gloria,
1060 1413 1192 1471 iterum

173 1490 450 1560 aerumna'mea.
898 1535 901 1542 ·

240 1588 424 1648 Notabiliter
450 1589 598 1668 singulari
620 1608 758 1664 numero,
788 1607 849 1649 non
871 1589 1023 1666 plurativo
1054 1607 1228 1648 aerum-1⁵

47 1745 55 1754 ,
172 1695 252 1737 nam
280 1677 357 1736 dixit
383 1678 513 1738 referens
542 1677 581 1736 ed
604 1679 726 1736 exilium
749 1678 877 1753 scilicet,
907 1680 990 1737 cuius
1013 1679 1193 1755 patientiam

172 1767 252 1825 inter
275 1766 386 1844 glorias
409 1785 478 1826 suas
502 1768 655 1844 conputat.

76 1861 91 1920 ς
111 1860 153 1908 51.
241 1852 356 1922 Quare
378 1875 503 1915 moneo
526 1875 602 1930 vos,
626 1854 886 1914 adulescentes.

316 1943 442 2004 Excedit
463 1945 495 2003 in
519 1946 756 2005 cohortationem
774 1945 906 2019 vimus,
929 1961 1020 2020 quem
1043 1943 1117 2004 boni
1137 1947 1194 2004 vin'

174 2030 301 2090 debeant
337 2052 392 2110 pro
428 2035 545 2110 patriae
577 2035 674 2094 salute
705 2035 861 2110 suscipere.
916 2032 981 2092 Hoc
1013 2032 1133 2110 proficit
1165 2036 1230 2093 etro

173 2121 267 2196 ipsius
306 2118 455 2183 Ciceronis
490 2122 630 2182 laudibus
667 2125 698 2181 et
733 2121 766 2180 P.
799 2121 910 2196 Sestio,
946 2123 1000 2197 qui
1035 2141 1104 2182 reus
1141 2125 1194 2183 est

173 2209 315 2270 Aruiates
334 2213 413 2270 enirn
432 2211 543 2271 dieiun
565 2211 743 2285 adhibuisse,
766 2230 870 2270 verum
887 2210 953 2285 hoc,
974 2213 1001 2271 si
1018 2206 1097 2290 (ex)
1115 2230 1148 2271 re
1166 2233 1194 2289 p.

174 2299 287 2357 fectum
310 2301 359 2375 sit,
384 2319 445 2359 non
468 2303 605 2378 oportere
628 2300 773 2358 damnari.
1272 2295 1273 2334 ³

78 2392 154 2452 §62
243 2387 281 2447 Si
304 2391 375 2448 erit
397 2390 446 2464 id,
470 2390 564 2465 quod
587 2389 753 2464 debetur,
776 2389 1009 2466 persolutum.

241 2475 277 2535 Id
300 2480 359 2536 est:
383 2480 409 2538 si
431 2479 544 2538 firerint
566 2478 636 2538 Piso
660 2481 691 2537 et
713 2477 858 2537 Gabinius
882 2476 1081 2538 condemnati.
1208 2495 1232 2534 25

240 2566 362 2642 Neque
390 2569 461 2626 erit
487 2570 585 2628 iusta
613 2585 721 2626 causa
748 2565 938 2644 adportas
967 2566 1108 2626 sedenti
1130 2569 1196 2626 im-

174 2657 346 2731 peratori.

241 2744 282 2803 Et
294 2745 344 2804 hic
358 2748 403 2805 est
417 2745 536 2804 aculeus
551 2764 612 2805 non
625 2746 782 2805 mediocris
797 2789 818 2803 ..
829 2790 834 2802 .
845 2739 919 2824 <in>
930 2742 1096 2820 Gaesarem,
1111 2748 1195 2805 cuius

174 2833 230 2892 hac
257 2835 290 2892 in
316 2836 403 2910 parte
430 2836 612 2894 mentionem
634 2834 721 2908 facit,
748 2832 829 2909 quod
852 2836 974 2893 eatenus
997 2835 1068 2892 ante
1091 2837 1195 2911 portas

243 3028 275 3075 12
294 3022 329 3088 cs.
348 3023 449 3075 Ascon.
470 3025 552 3088 13‚.3.

243 3205 256 3252 1
286 3214 375 3253 essem
393 3197 516 3252 civitatis
540 3199 616 3253 codd.
633 3200 687 3254 Cio.
770 3203 786 3253 3
814 3198 981 3266 quamboO
1074 3203 1089 3251 ‘1
1119 3199 1193 3253 COM

176 3268 336 3336 PRGSUSQ·
358 3270 431 3335 Ome,
450 3285 518 3324 corr.
529 3270 561 3325 St
633 3275 666 3323 10
685 3268 746 3342 (a)
761 3269 914 3323 victoribus
931 3270 1019 3324 Halm
1089 3275 1123 3324 19
1142 3271 1195 3324 loc.

173 3341 268 3412 1¹s,†
289 3344 306 3395 3
324 3342 366 3395 eet
383 3344 401 3394 3
419 3357 468 3394 cm.
483 3367 516 3386 =
537 3346 571 3394 11
590 3343 630 3395 ecl
649 3346 666 3396 9
685 3343 735 3395 litt.
750 3342 897 3408 προτροπή
916 3341 1194 3409 suppt.Hc1mduo-

172 3413 299 3480 crocet?
359 3410 463 3493 22<e>
473 3427 516 3465 mo
576 3417 609 3464 24
624 3412 678 3465 erit
692 3411 727 3464 iis
741 3411 968 3466 eeziseodoffie.
1033 3417 1068 3465 26
1083 3411 1194 3466 sedenti

172 3484 248 3537 codd.
260 3484 314 3538 cce.
334 3481 452 3536 sedendi
471 3484 535 3538 Omo
608 3488 641 3536 29
661 3485 711 3537 lae.
727 3482 776 3553 1¹s,
792 3499 841 3536 can.
853 3484 885 3550 -Ι-
901 3499 949 3536 een.
964 3484 1014 3536 lin.
1034 3509 1070 3528 =
1083 3487 1121 3538 20
1137 3484 1194 3538 lite

171 3555 212 3608 oet
229 3555 502 3609 ua.tia.=17litt.
522 3555 758 3620 ἐπικερτομήεεωε
776 3552 807 3606 in
824 3555 914 3622 suppl.
924 3553 968 3624 Ζρ
