2510 3970
479 201 494 261 s
515 139 627 249 assrr
996 180 1060 260 145

44 366 83 423 'sit
106 367 137 422 et
161 364 196 421 de
219 364 323 422 salutis
347 381 417 424 suae
440 365 663 423 conservatione
689 362 918 422 benemeritus.
955 363 1060 422 Anim-

46 453 179 526 adverte,
215 472 273 528 quo
309 453 471 512 modestiae
503 455 737 528 temperamento
769 453 843 511 haec
874 455 1060 528 exsequatur,

45 545 78 601 ut
100 542 178 600 nihil
201 541 402 618 inpudentiae,
424 542 554 600 multum
575 542 730 620 religionis
752 539 862 600 habeat
885 543 990 602 oratio.

111 631 171 689 Sic
193 632 286 688 enim
308 630 450 690 dixisti:
478 624 576 688 ‘Vidi
603 649 666 708 ego
689 632 787 690 tuam
810 624 1059 690 lacrimulam'
1079 636 1094 696 ς
1115 635 1177 686 76..

23 737 33 778 s
187 719 415 779 Laterensis‘in
438 719 571 778 Tullium
597 719 713 778 dixerat
741 719 873 798 epilogos
902 721 964 778 eius
987 721 1060 778 inri-

47 807 128 882 dens,
161 827 234 884 quos
267 827 335 867 eum
364 810 482 868 constat
508 809 635 866 nimium
662 808 774 867 flebiles
803 811 834 866 et
859 809 1060 868 miserationis

45 898 146 972 plenos
170 899 203 955 in
225 897 345 956 iudiciis
372 917 488 972 semper
517 897 663 956 habuisse.
709 897 749 955 Et
771 898 804 955 in
828 896 979 956 Oratore
1007 916 1060 957 suo

48 986 168 1044 eandem
182 986 342 1044 affectuum
357 986 570 1045 movendorum
584 985 642 1046 sibi
656 987 873 1062 praestantiam
885 986 1059 1047 vindicavit.

46 1074 87 1132 Ac
114 1095 151 1133 ne
178 1076 252 1133 haec
278 1075 427 1134 lenocinia
449 1077 549 1151 potius
578 1075 717 1134 adhibere
744 1075 884 1134 fallendis
911 1075 1060 1135 iudicibus

14 1183 36 1222 10
48 1182 134 1238 quam
153 1182 222 1222 vere
245 1164 406 1223 secundum
429 1166 523 1222 animi
541 1166 589 1224 sui
606 1167 722 1222 motum
744 1165 841 1223 facere
865 1165 1059 1238 existimetur,

48 1252 200 1314 adseverat
227 1251 361 1328 Cispium
387 1253 443 1312 hoc
471 1272 541 1312 suae
569 1255 712 1312 orationis
745 1253 865 1313 adfectu
891 1272 951 1312 non
982 1253 1060 1311 indi·

48 1361 134 1418 gnum
157 1343 262 1416 firisse,
286 1359 353 1400 cum
376 1360 435 1417 quo
457 1345 526 1418 post
548 1343 699 1401 amicitiae
721 1342 994 1401 reconciliationem
1016 1344 1061 1401 ita

47 1432 227 1507 participatu
258 1431 395 1489 fortunae
427 1449 498 1490 suae
530 1431 663 1491 dolorem
699 1433 836 1508 senserit,
873 1434 907 1490 ut
938 1433 1060 1507 inpense

47 1518 130 1598 diligi
152 1522 310 1578 mereatur.

17 1625 37 1664 a
110 1609 177 1667 Sed
209 1628 273 1684 me,
311 1627 387 1666 cum
422 1610 563 1668 tantum
599 1610 669 1666 iam
701 1608 849 1667 Plancio
882 1607 1157 1682 decoramen

49 1695 163 1756 Racili
186 1696 380 1756 beneficiis
404 1699 516 1757 fuisse
540 1699 755 1758 contentum.

109 1786 332 1846 Extenuatmus
364 1787 472 1846 merita
505 1785 555 1845 On.
583 1786 713 1861 Plancii,
750 1805 826 1862 quae
857 1787 995 1846 intulisse
1028 1787 1061 1844 in

49 1873 83 1932 M.
115 1876 250 1934 [tullium
286 1875 449 1949 videretur,
488 1875 524 1934 de
560 1874 593 1936 L.
631 1877 723 1934 etiam
759 1875 875 1934 Racilio
912 1875 1060 1951 quaedam

49 1960 213 2024 Laterensis
232 1967 523 2039 commemoraverat,
546 1966 713 2042 quimagis
733 1964 904 2024 adiumento
924 1962 1061 2024 Ciceroni
1106 1955 1112 1966 ⁸

19 2051 134 2112 tcfirisse
166 2052 339 2128 videbatur,
375 2071 443 2112 oum
473 2052 613 2112 Plancius
650 2055 683 2111 in
718 2052 874 2112 tribunatu
910 2072 963 2112 suo
1000 2073 1060 2112 non

50 2142 199 2219 tantopere
231 2144 271 2202 sit
297 2162 351 2219 pro
379 2142 511 2202 eiusdem
537 2144 727 2202 restitutione
755 2143 881 2201 conisus.
930 2141 976 2200 Ne
1004 2142 1059 2201 hoc

50 2229 136 2306 igitur
159 2233 188 2290 ei
211 2232 324 2290 deesset
342 2231 381 2290 ad
400 2233 538 2310 gratiam,
562 2231 719 2290 confitetur
738 2233 837 2290 animo
857 2232 1059 2308 promtissime

51 2320 133 2378 etiam
156 2321 236 2378 hunc
258 2319 414 2379 Plancium
437 2339 508 2399 erga
529 2321 750 2379 restitutionem
773 2339 858 2379 suam
881 2321 985 2396 firisse3
1008 2319 1060 2380 sed

51 2411 186 2481 quoniam
209 2411 311 2468 omnia
332 2429 385 2486 per
403 2409 553 2468 Racilium
575 2408 754 2468 videbantur
776 2410 909 2484 impleta,
932 2428 992 2467 non
1011 2427 1058 2467 ex·

22 2507 41 2549 ²⁵
51 2499 150 2568 petisse
165 2517 197 2558 se
212 2498 294 2572 dicit,
308 2501 343 2556 ut
356 2500 448 2557 etiam
463 2499 515 2558 ille
530 2517 564 2557 ex
579 2497 726 2573 superfluo
745 2497 903 2572 laboraret,
922 2499 975 2573 qui
992 2499 1059 2557 tan-

52 2585 108 2644 tum
138 2587 198 2647 sibi
227 2588 259 2644 in
289 2590 450 2663 quaestura
476 2587 668 2647 Macedonica
699 2587 907 2664 praestitisset.
953 2587 1059 2646 Exstat

111 2798 125 2844 7
149 2792 205 2848 Cic.
226 2790 326 2846 Orator
345 2797 449 2860 37,130
478 2791 552 2858 Quid
570 2808 622 2863 ego
642 2792 677 2846 de
695 2789 923 2845 miserationibus
940 2789 1058 2858 loquar?

54 2861 144 2926 quibus
163 2881 196 2918 eo
216 2881 278 2918 sum
295 2882 362 2918 usus
381 2863 517 2933 pluribus,
536 2864 620 2932 quod,
640 2863 726 2918 etiam
740 2863 765 2916 si
777 2861 872 2931 plures
887 2860 1057 2927 dicebamus,

54 2935 250 2997 perorationem
263 2935 334 2989 mihi
347 2937 443 2990 tamen
458 2951 553 2990 omnes
566 2935 777 3004 relinquebant3
792 2934 822 2986 in
836 2950 891 3001 quo
905 2934 939 2986 ut
949 2932 1060 2986 viderer

55 3005 187 3073 excellere,
203 3024 259 3060 non
277 3006 391 3077 ingenio
410 3007 459 3061 sed
478 3007 574 3060 dolore
593 3004 769 3075 assequebar.

112 3222 451 3276 tloc.4cm.=81itt.
527 3220 703 3274 ‘lindiciiO
772 3217 990 3273 SaffeotnimO

57 3287 238 3346 slaenocinia
256 3291 320 3347 Omo
371 3349 373 3354 ,
398 3297 429 3346 12
449 3308 586 3360 cumque
607 3291 671 3348 Ome
694 3307 758 3346 cum
775 3289 800 3345 is
821 3293 887 3346 Mai
963 3295 995 3342 13
1015 3288 1058 3341 in—

57 3364 187 3424 pensan
253 3368 286 3416 14
303 3364 426 3418 meretur
441 3363 470 3428 O,
489 3365 624 3419 coraLm
642 3363 795 3416 mereretur
809 3378 852 3417 mo
922 3367 954 3415 16
972 3361 1057 3416 bene-

57 3427 116 3484 ficiis
133 3435 208 3490 codd.
225 3433 278 3488 Oic.
298 3433 428 3488 beneficii
448 3436 471 3490 0
546 3440 580 3488 20
603 3434 735 3488 uideatur
754 3433 814 3500 Om,
833 3451 900 3488 corr.
913 3433 978 3487 Mai

58 3505 85 3554 22
105 3503 241 3561 deesset)
315 3512 349 3560 24
366 3505 549 3561 ItaciuumO
625 3511 658 3558 25
677 3505 849 3559 laborareO
918 3510 952 3558 26
971 3503 1057 3571 (tilde

59 3569 182 3633 STthdM
201 3577 446 3650 ltdceoONle't

103 3673 190 3718 Scholia
203 3677 328 3717 Bobiensia
342 3678 377 3718 cd.
386 3675 548 3718 Hildobrandt.
864 3668 896 3716 10
