2554 3978
268 228 346 284 CUM
367 228 508 284 POPOLO
532 229 688 284 GRATIAS
711 229 796 284 EGIT
818 235 931 297 §1-4.
1062 229 1105 294 59

82 399 203 474 patriae
225 399 432 458 incolumitate
455 399 590 473 sensisse,
613 401 647 456 ut
665 418 828 475 numquam
846 398 883 460 de
900 417 954 459 auo
973 399 1105 476 periculo

81 487 244 560 laboraret,
266 505 334 546 cum
356 487 479 546 exilium
496 507 556 548 non
574 489 716 548 meruerit
734 490 895 563 aeternum,
918 487 969 548 sed
989 491 1106 548 matius

82 578 117 634 in
145 577 279 652 patriam
306 578 336 636 et
362 576 487 636 decretis
515 579 634 637 senatus
662 579 693 636 et
720 593 864 638 censensu
889 578 994 654 populi
1020 579 1106 637 resti·

82 665 170 724 tutus
193 666 242 724 sit.

55 773 70 814 ο
151 753 320 814 Miseram
341 754 612 829 profectionem.

152 841 323 920 vigilanter
336 842 495 902 medellam
510 843 619 918 pudori
632 861 686 902 suo
699 842 837 902 adhibuit
851 843 975 903 dicendo
989 845 1107 902 tristem

83 933 184 1009 magis
224 931 436 1008 profectionem
477 951 567 1008 quam
602 933 835 1010 ignominiosum
870 933 947 991 illud
984 933 1107 992 exilium

83 1021 192 1094 fuisse,
219 1023 254 1078 ut
274 1037 335 1081 non
357 1022 398 1080 sit
418 1020 544 1095 infame,
572 1021 651 1097 quod
674 1022 768 1082 solam
795 1020 935 1082 habuerit
955 1023 1106 1080 iniuriam.

154 1109 240 1168 Eius
282 1109 488 1170 devotionis
528 1129 580 1168 me
617 1127 693 1170 esse
730 1110 934 1170 convictum
969 1110 1107 1170 iudicio

45 1198 242 1258 iudeorum

153 1286 279 1347 Vetusta
301 1288 417 1347 locabis
440 1290 499 1348 est:
525 1289 589 1348 voti
616 1289 697 1346 enim
726 1289 876 1348 convictos
899 1287 1026 1348 dicimus
1049 1305 1107 1363 eos,

84 1377 139 1452 qui
164 1376 202 1435 ad
226 1376 361 1435 effaetum
382 1378 561 1452 perveniant
582 1394 693 1451 eorum,
717 1375 872 1452 quaesibi
896 1379 1014 1437 evenus
1032 1393 1106 1436 sem-

84 1483 140 1540 per
163 1467 341 1540 optaveriut.
388 1463 565 1526 convictum
588 1483 659 1543 erge
682 1484 713 1526 se
736 1466 818 1526 dicit.

153 1553 232 1614 Non
258 1556 383 1613 tantae
404 1555 592 1630 voluptati
619 1557 722 1613 erant
749 1556 922 1630 suscepti,
951 1557 1107 1630 quantae
1126 1560 1141 1622 ἕ
1161 1561 1185 1609 2.

47 1661 72 1702 ιο
86 1661 180 1702 nunc
202 1645 287 1703 sunt
308 1645 485 1703 restituti

156 1730 303 1808 Concepte
326 1734 424 1809 posita
445 1733 600 1792 sententia
637 1731 758 1791 Etenim
775 1749 843 1792 cum
861 1735 963 1792 manet
980 1730 1108 1791 inlibata

87 1821 231 1894 felicitas,
262 1821 361 1880 minor
392 1823 437 1881 est
468 1820 687 1899 gratulantium
714 1823 841 1896 fructus3
874 1838 941 1880 cum
972 1839 1042 1880 vero
1071 1820 1107 1880 ab

85 1909 190 1968 dolore
226 1909 434 1970 intercedentis
469 1908 598 1969 iniuriae
634 1909 673 1968 ad
709 1912 937 1986 prosperitatem
970 1910 1107 1969 fortunae

85 2000 254 2073 revocatur,
277 2000 421 2074 pressiore
443 1998 554 2057 iudicio
578 2016 680 2058 seusus
704 1999 857 2058 felicitatis
881 2000 1035 2075 accipitur.

45 2106 73 2146 ao
156 2086 224 2145 Sed
247 2089 427 2164 tamquam
448 2086 540 2146 bona
563 2087 734 2148 valetudo
757 2088 949 2148 iucundior
971 2090 1026 2147 est
1047 2089 1109 2162 iis,
1128 2091 1143 2153 ἕ
1162 2094 1187 2140 4.

88 2178 151 2253 qui
179 2170 239 2253 <ο>
266 2177 369 2255 gravi
391 2175 512 2236 morbo
535 2178 693 2236 recreati
716 2179 806 2235 sunt.

152 2260 232 2325 Ἀπὸ
250 2262 309 2324 τοῦ
333 2259 447 2339 ὁμοίου
471 2259 666 2339 ἐπιχείρημα.
703 2265 744 2323 Et
766 2283 857 2341 supra
878 2267 995 2340 copiose
1013 2267 1044 2324 st
1060 2266 1110 2324 hic

88 2352 346 2413 abundantissime
368 2353 511 2413 dilatavit
534 2356 714 2413 sententiam
736 2354 838 2413 volens
862 2354 1015 2414 ostendere
1042 2355 1110 2432 plus

88 2461 153 2502 esse
172 2443 383 2520 gratulationis
401 2443 483 2501 mala
496 2442 645 2519 depulisse
664 2461 755 2519 quam
769 2444 906 2501 fortunae
924 2443 1111 2503 incommoda

47 2549 73 2590 aa
88 2549 253 2608 numquam
281 2532 391 2590 sentire
417 2533 562 2607 potuisse,
590 2533 701 2608 quippe
728 2549 830 2622 sepsus
857 2531 1111 2592 incommodorum
1156 2565 1161 2570 -

89 2619 339 2681 commendabilia
376 2621 450 2679 facit
485 2621 553 2694 illa,
589 2639 666 2696 quae
701 2637 844 2697 prospera
875 2624 952 2680 sunt.
1007 2617 1110 2689 Qualis

89 2711 239 2768 sententia
261 2708 437 2787 Vergiliana
461 2711 518 2768 est:
546 2704 674 2768 ‘Forsan
697 2712 727 2768 et
749 2710 822 2770 haec
846 2709 919 2768 olim
941 2710 1110 2768 meminisse

89 2792 226 2857 iuvabit?
271 2797 383 2856 Verum
405 2797 492 2857 Plato
515 2799 547 2856 in
571 2793 717 2876 πολιτείᾳ
739 2799 795 2873 his,
819 2801 853 2856 ut
876 2799 990 2874 opinor,
1012 2795 1111 2856 verbis
1156 2823 1158 2828 ·

159 2972 192 3021 22
212 2967 280 3022 Aen.
296 2966 398 3020 12011,Ι

159 3036 428 3106 mmaww.

160 3205 175 3252 2
194 3200 321 3252 maturae
337 3198 362 3253 G
431 3201 446 3251 5
464 3196 669 3267 professionem
685 3197 708 3254 0
780 3203 795 3252 6
814 3196 965 3251 medellam
985 3196 1049 3252 Ome

92 3307 310 3378 9iudicium'0
380 3327 412 3375 11
434 3321 624 3398 conuictusU
699 3322 785 3389 1211·
859 3270 1040 3377 sicilienses

93 3399 126 3447 14
154 3395 237 3447 tanta
263 3393 408 3462 voluptate
516 3396 624 3461 quanta
650 3393 727 3449 codd.
748 3395 802 3450 Cic.
900 3398 932 3448 16
960 3395 1112 3463 conceptae

92 3465 112 3519 G
195 3470 228 3518 21
257 3463 318 3537 (e)
344 3465 421 3520 codd.
443 3465 497 3520 Oia.
580 3471 613 3518 22
642 3465 694 3518 ΕΠ
803 3465 877 3520 ulta
905 3467 956 3519 loo.
984 3464 1035 3536 174
1064 3481 1112 3519 oca.

93 3561 127 3582 =
148 3539 166 3590 5
185 3537 236 3590 litt.
327 3535 525 3606 2586Ν81Γ1
623 3541 657 3590 21
677 3536 825 3593 FORSle
849 3535 968 3590 forsitan
990 3551 1034 3589 mo

95 3612 130 3661 28
150 3606 304 3662 innauitU
355 3623 451 3660 verum
474 3607 506 3664 St
524 3621 590 3661 uero
609 3609 643 3660 ut
661 3607 685 3662 0
703 3606 749 3661 vel
771 3608 804 3661 ut
823 3622 868 3662 mo
939 3605 1113 3660 nooel'slc
