2584 3978
202 201 267 257 XVI
604 202 819 259 PRAEFATIO.

270 369 411 441 Quaestio
435 373 542 445 oritur,
564 374 665 431 utrum
688 373 742 432 has
761 376 945 432 correcturas
965 375 995 432 et
1013 372 1218 432 adnotationes

205 459 244 529 02
266 480 302 519 ex
329 461 388 519 alio
416 461 464 519 vel
492 460 594 520 eodem
623 464 714 537 atque
738 460 764 521 O
789 463 992 537 manuscripto
1022 462 1219 536 desumpserit

204 568 243 609 an
266 549 360 609 meris.
380 551 559 609 coniecturis
588 551 673 608 nisus
694 550 790 608 textui
814 569 832 608 a
857 549 883 609 0
904 552 1066 610 constituto
1090 549 1218 626 adscrip-

202 640 283 698 serit.
338 637 387 696 Ad
418 638 496 696 hanc
528 638 702 697 solvendam
733 639 881 713 imprimis
912 639 979 699 loce
1010 639 1078 698 Vct.
1100 640 1175 713 214,
1184 649 1218 697 24

204 727 389 786 adiuvamur,
434 726 482 784 Ibi
505 727 581 785 enim
607 726 645 786 ad
668 725 744 802 §15
769 727 951 786 Milonienae
979 727 1105 787 adnotat
1129 725 1155 788 0
1176 729 1218 787 cl·

202 819 295 874 lernen
327 815 545 892 praeiudicium
578 814 748 875 Ciceronem
784 816 931 876 discutere
968 817 1005 875 ab
1040 817 1218 876 adversariis

201 905 368 980 prolatum,
398 906 584 982 rogationem
607 903 820 980 Pompeianam
843 905 970 982 scilicet,
995 905 1032 974 02
1054 923 1126 966 voce
1150 907 1218 965 alle

200 1011 269 1052 nnn
296 993 394 1052 deleta
422 994 505 1052 alind
534 993 752 1069 suprascripsit.
803 995 867 1054 Iam
896 995 992 1053 elucet
1016 993 1135 1064 0211011
1160 994 1219 1054 duo

201 1081 386 1157 praeiudicia
408 1084 440 1140 in
463 1081 628 1141 Miloniana
651 1082 844 1161 distinguere,
866 1083 918 1142 sed
939 1083 1041 1158 plura:
1072 1083 1142 1142 addi
1167 1102 1217 1160 po·

201 1172 261 1231 test
287 1172 376 1247 plura
404 1190 493 1246 quam
519 1171 592 1246 tria;
628 1191 698 1230 uam
726 1173 752 1230 si
778 1172 815 1230 de
843 1171 938 1231 tribus
966 1171 1125 1249 cogitaret,
1158 1191 1218 1231 non

201 1260 296 1334 alind,
319 1260 371 1319 sed
393 1261 508 1318 terlinm
528 1260 567 1329 02
588 1261 771 1321 correxisset.
818 1259 863 1320 De
885 1259 982 1320 tribus
1005 1263 1107 1319 autem
1129 1261 1217 1320 rebus

202 1347 319 1425 Cicero,
352 1351 513 1424 antequam
536 1349 693 1425 adipeam
717 1349 935 1409 enarrationem
957 1351 1053 1425 venit,
1083 1350 1215 1410 disserit:

203 1438 420 1498 contenderunt
443 1437 607 1497 adversarii
629 1438 750 1497 Milonis
773 1437 819 1496 fas
843 1456 902 1497 non
926 1457 988 1498 esse
1010 1438 1134 1513 homini,
1166 1439 1217 1514 qui

200 1525 352 1586 hominem
383 1528 561 1602 necavisset,
593 1527 706 1600 vivere,
737 1529 892 1602 praeterea
928 1529 1049 1587 senatus
1081 1528 1215 1586 consulto

199 1615 261 1674 iam
289 1616 464 1674 damnatum
491 1635 559 1674 eum
587 1634 663 1691 esse;
700 1616 828 1691 denique
850 1615 1026 1691 Pompeium
1053 1616 1152 1692 ipsum
1181 1615 1215 1674 de

201 1721 293 1763 causa
319 1704 474 1782 rogatione
502 1722 556 1762 sua
584 1706 688 1764 contra
711 1704 854 1763 Milonem
877 1705 1063 1764 iudicavisse.
1108 1705 1216 1780 Itaque

199 1795 285 1869 patet
307 1797 387 1852 reete
409 1792 486 1851 illud
509 1793 633 1852 alterum
650 1792 675 1853 0
694 1793 842 1869 posuiss03
866 1793 951 1853 alind
971 1813 1042 1853 vero
1066 1793 1213 1868 quomodo

199 1881 393 1959 intellegatur
415 1881 558 1957 explicari
579 1901 640 1940 non
662 1899 758 1957 posse.
795 1882 900 1958 Neque
919 1883 1006 1956 enim,
1030 1882 1108 1957 quod
1127 1901 1214 1942 aceu-

199 1973 313 2030 satoree
340 1973 524 2049 negaverant
545 1970 688 2030 Milonem
710 1972 810 2030 vivere
838 1989 938 2047 posse,
970 1971 1042 2047 quia
1063 1971 1214 2030 hominem

200 2059 362 2134 occiderat,
398 2060 430 2118 id
466 2060 685 2140 prenndieinen
720 2061 881 2120 scholiasta
917 2059 1069 2135 appellare
1105 2061 1214 2136 potuit,

200 2147 279 2217 Quid
296 2149 516 2222 pronndicinm
538 2150 591 2223 sit,
615 2149 777 2208 scholiasta
799 2151 943 2225 expressis
967 2148 1064 2207 verbis
1087 2167 1148 2208 non
1172 2148 1215 2207 di·
1265 2143 1266 2168 ³

199 2239 250 2311 eit,
272 2239 374 2296 tamen
398 2257 433 2294 ex
454 2237 553 2296 verbis
576 2239 640 2296 eius
662 2240 694 2296 in
713 2238 919 2298 commentarii
938 2237 975 2296 ad
995 2239 1162 2296 orationem
1183 2239 1232 2295 in·

200 2323 338 2384 Clodium
357 2328 387 2384 et
405 2323 565 2385 Curionem
583 2327 689 2403 scripti
705 2326 892 2403 praefatione
911 2319 1020 2407 (20,ιῖ
1034 2319 1113 2406 sqq.)
1133 2329 1214 2386 evin·

198 2414 278 2473 citur
297 2415 515 2474 accusationem
533 2416 631 2491 ipsam
648 2415 953 2489 praesentaneum
971 2433 1031 2473 non
1052 2414 1213 2491 appellare.

197 2502 263 2562 Iam
287 2503 422 2581 afferam,
449 2506 475 2564 si
501 2521 619 2564 necesse
643 2506 700 2579 est,
723 2504 797 2563 duos
819 2504 900 2562 locos
924 2502 1116 2578 Quintiliani,
1140 2523 1212 2580 quo-

197 2612 263 2652 rum
288 2593 396 2668 altero,
420 2593 493 2668 quid
515 2595 556 2653 sit
577 2592 806 2669 praeiudicium,
829 2595 995 2668 enarratur,
1018 2593 1113 2652 altero
1136 2593 1214 2652 hanc

198 2684 397 2742 accusationis
424 2685 540 2759 partem
567 2682 605 2741 ab
632 2681 686 2740 illo
712 2683 792 2740 inter
812 2683 1002 2756 prenndieic
1028 2701 1088 2742 nen
1110 2701 1213 2742 nume-

197 2773 258 2830 rari
282 2774 414 2848 apparet
447 2771 484 2845 V,
500 2775 562 2845 2,1.
608 2770 862 2829 Praeiudieionnm
881 2772 927 2829 ces
949 2772 1044 2829 onmis
1066 2771 1160 2830 niens
1183 2773 1215 2829 in
1263 2779 1264 2808 l

196 2861 351 2935 pannulus
372 2863 521 2919 cerselnr:
543 2860 638 2926 rebus,
662 2875 736 2931 qnae
758 2859 917 2931 aliqnando
942 2877 976 2918 ee
992 2861 1120 2932 pariens
1143 2877 1213 2919 cen-

197 2950 239 3007 eis
262 2952 332 3007 snnl
351 2949 491 3016 indicate,
514 2965 588 3022 qnae
607 2946 737 3020 exemplo
754 2950 859 3006 reclina
878 2948 1015 3006 dictentur
1029 2993 1035 3006 .
1051 2992 1058 3006 .
1074 2949 1214 3008 indens
1262 2989 1263 2996 κ

198 3038 239 3096 cd
266 3039 363 3110 ipsam
390 3054 511 3096 camna
532 3037 746 3111 pertinentibus
761 3080 766 3092 .
783 3080 807 3104 .,
835 3038 937 3108 qnclic
959 3039 992 3095 in
1017 3035 1214 3110 Oppianicum

196 3126 277 3199 fecie
299 3127 437 3185 cnecon
460 3129 486 3185 el
508 3145 527 3185 e
550 3129 653 3185 senutn
676 3126 817 3184 adserens
835 3125 991 3184 Milonem:
1014 3128 1067 3186 unt
1088 3143 1155 3184 cnm
1178 3127 1214 3185 de

197 3214 297 3273 eodem
329 3231 420 3273 censa
446 3217 672 3286 pronuntiatum
703 3219 750 3274 est.
805 3212 858 3288 IV,
877 3225 902 3288 2,
917 3225 950 3273 ac
988 3216 1103 3273 ..nisi
1138 3215 1214 3286 forle
1261 3255 1262 3282 ,

197 3301 242 3362 M.
268 3301 386 3361 Tollius
416 3297 452 3360 in
483 3304 612 3362 cratium
641 3304 855 3375 pulcherrime,
891 3321 980 3376 qnam
1007 3320 1066 3377 pro
1098 3303 1213 3362 Milone
1261 3289 1262 3377 l

196 3393 336 3464 scriplum
358 3391 483 3463 reliquit,
504 3392 583 3450 neele
605 3391 751 3450 distulisse
767 3393 968 3451 narrationem
985 3393 1100 3451 'videtur
1118 3393 1213 3451 nsciis
1260 3441 1261 3464 ,

191 3481 371 3554 proepeeilis
389 3480 618 3552 quaestionibus:
641 3485 695 3539 ont
706 3483 868 3556 profuisset
886 3499 1033 3554 monere,
1051 3497 1107 3555 qne
1124 3476 1212 3539 modo

196 3569 324 3628 insidias
346 3569 456 3628 Miloni
477 3570 591 3643 fecisset
616 3567 748 3638 Clodius,
777 3572 804 3628 si
830 3587 926 3638 reum,
953 3572 1004 3643 qui
1026 3587 1046 3629 c
1069 3587 1100 3629 se
1120 3570 1212 3628 lomi-
