2584 3978
522 207 537 268 e
558 206 670 255 11-17.
1082 203 1102 265 9

90 369 284 449 spectandum
306 370 368 428 iam
390 389 450 428 non
473 371 522 445 sit,
545 372 580 429 ut
597 369 712 447 probet,
737 371 879 445 quoniam
900 369 980 429 oredi
999 369 1105 429 debeat

89 461 133 520 rei
156 481 184 537 p.
205 459 414 520 conservatori.
637 520 640 525 .

157 548 226 608 Sed
249 567 312 626 ego
336 546 490 607 nondum
508 549 592 607 utor
615 547 658 607 ad
680 549 772 606 buno
796 547 1065 609 defendendum.

155 636 310 698 Moderato
337 638 368 697 et
395 637 529 697 consulte
556 637 643 711 feeit,
667 656 726 713 quo
754 639 851 716 magis
877 638 1028 696 mereatur
1055 636 1106 696 ob-

66 729 186 788 stinere
209 728 295 786 testis
319 727 539 800 auctoritatem,
561 744 652 802 quam
676 726 820 802 sibiipsa
842 745 903 786 non
925 725 1066 786 vindieat.

157 815 254 885 Quae
286 817 377 874 enim
410 815 482 874 fuit
504 814 679 875 Autronii
711 833 831 891 eausa,
864 834 954 891 quae
982 813 1203 892 Syllaetlt.

91 902 168 966 est?

239 993 513 1054 dissimilitudinem
541 993 680 1069 duorum,
711 994 744 1054 P.
769 993 871 1070 Syllae
898 995 929 1053 et
956 992 1107 1068 Autronii,

91 1085 174 1142 faeta
197 1083 420 1159 comparatione
437 1083 637 1158 prosequitur,
660 1101 697 1142 ne
714 1083 803 1141 huius
821 1082 1048 1160 praedamnatis
1067 1085 1108 1142 sit

52 1193 76 1232 ro
90 1173 147 1232 illa
169 1173 331 1246 sententia,
359 1189 435 1246 quae
462 1171 494 1230 in
517 1170 698 1230 Autronium
726 1171 808 1231 dieta
835 1174 887 1232 est.
933 1172 1107 1232 Necessario

90 1264 186 1340 igitur
204 1261 335 1320 ostendit
354 1279 518 1335 numquam
536 1261 648 1321 similes
667 1261 768 1336 fuisse,
790 1262 826 1320 ut
843 1280 897 1337 per
913 1262 971 1320 hoo
988 1261 1108 1320 facilius
1228 1319 1231 1326 ,

92 1351 210 1428 Syllam
231 1349 410 1427 persuadeat
432 1350 628 1409 innocentem.

158 1439 267 1498 Illum
285 1438 514 1517 Allobroges,
536 1440 770 1498 maximarum
788 1454 906 1498 rerum
924 1439 1108 1499 verissimi
1127 1445 1142 1504 ξ
1162 1441 1204 1492 17.

91 1528 239 1588 indices.

53 1635 77 1676 re
160 1615 302 1676 Oratoria
319 1616 488 1693 suptilitate
503 1616 615 1676 adserit
632 1617 682 1676 hie
696 1619 726 1676 et
740 1615 898 1676 eonfitetur
911 1614 1109 1694 Allobrogum

91 1706 194 1780 fidem,
227 1724 301 1780 quos
328 1699 507 1765 ‘verissimos
539 1700 661 1766 iudices’
685 1705 772 1781 dieit3
805 1725 824 1764 a
855 1706 962 1781 quibus
993 1706 1110 1783 Syllam

91 1796 280 1855 nominatum
303 1813 363 1853 non
387 1812 449 1854 esse
468 1793 631 1856 constabat.

158 1883 227 1942 Hio
259 1885 385 1943 eontra
415 1885 470 1943 ita
501 1885 656 1958 quierit,
689 1886 728 1943 ut
756 1902 794 1942 eo
824 1886 999 1960 tempore„
1014 1886 1110 1942 omni

92 1961 248 2050 Neapoli
271 1973 392 2031 fuerit.

54 2081 79 2122 ro
161 2060 310 2130 Quoniam
334 2061 431 2120 rideri
452 2063 573 2137 poterat
590 2061 622 2118 P.
643 2059 728 2137 Sylla
747 2061 904 2121 damnatus
928 2063 1110 2121 conscientia

93 2152 205 2210 doteoti
241 2150 374 2210 oriminis
415 2151 463 2210 sui
504 2149 540 2209 ab
578 2151 671 2210 oeulis
708 2151 841 2209 omnium
883 2152 1036 2210 secessisse
1079 2153 1110 2210 et

92 2240 198 2300 urbem
224 2239 350 2299 Romam
381 2239 549 2315 reliquisse,
581 2240 677 2298 trabit
709 2241 811 2298 orator
843 2240 881 2299 ad
914 2239 1110 2299 verecundiae

92 2331 304 2408 argumentum
343 2327 443 2388 dioons
481 2330 639 2404 eapropter
674 2327 728 2388 sub
770 2329 863 2388 oeulis
900 2348 962 2388 esse
999 2331 1109 2388 civium

91 2420 233 2492 noluisse,
256 2416 335 2492 quod
356 2417 540 2476 erubesceret
563 2418 595 2475 in
613 2414 738 2492 *aliquo
762 2419 844 2476 vitae
869 2436 939 2478 suae
966 2419 1109 2478 honorem

53 2523 77 2564 ae
91 2507 272 2566 defloratum
303 2506 540 2584 dignitatemque
567 2507 746 2565 mutilatam.
796 2506 859 2566 Nee
890 2509 1018 2566 moverit
1046 2527 1109 2582 nos,

92 2596 174 2672 quod
191 2597 238 2654 ita
255 2597 397 2670 loquatur
415 2595 451 2654 de
470 2595 556 2671 Sylla
574 2593 685 2669 Oieero,
704 2597 791 2670 quasi
810 2596 967 2656 damnatus
986 2597 1110 2656 erimine

92 2683 225 2745 ambitus
256 2683 395 2743 habuerit
426 2684 538 2742 Romae
575 2684 749 2744 demorandi
783 2684 971 2744 facultatem:
1003 2685 1110 2743 habuit

92 2777 174 2834 enim
212 2772 373 2833 seeundum
407 2773 504 2851 legem
541 2771 743 2851 Calpurniam.
797 2773 876 2832 Nam
908 2773 1109 2849 superioribus

91 2856 321 2942 (temporibus)
350 2862 486 2921 damnati
517 2863 583 2941 lege
616 2860 754 2921 Cornelia
785 2863 841 2921 boo
873 2881 965 2940 genus
997 2880 1110 2938 poenae

53 2952 244 3026 aserebant,
280 2953 314 3010 ut
350 2951 581 3029 magistratuum
617 2953 764 3029 petitione
794 2970 848 3027 per
880 2951 980 3010 decem
1017 2970 1109 3012 annos

161 3145 195 3195 26
215 3138 281 3209 (vid.
297 3143 339 3205 10,
358 3138 385 3208 4)
404 3138 438 3206 of.
458 3138 558 3192 Asoon.
579 3143 621 3207 66,
636 3144 678 3192 21.
703 3143 745 3208 79,
761 3143 784 3193 9.

160 3307 176 3355 3
200 3304 266 3354 utor
283 3299 337 3352 hae
356 3314 422 3352 vooe
440 3299 516 3354 codol.
537 3300 591 3356 Cio.
663 3303 678 3352 6
702 3299 822 3354 Autroni
835 3299 891 3353 fuit
904 3300 981 3354 codd.
993 3299 1047 3355 ote.

92 3379 107 3426 7
124 3375 174 3428 lae.
189 3377 210 3427 2
224 3373 272 3426 lea.
288 3372 322 3440 -l-
337 3374 356 3424 2
369 3385 417 3425 om.
429 3397 462 3415 =
478 3374 513 3425 36
527 3371 578 3426 litt.
593 3371 738 3438 tueturque
752 3373 808 3426 ἀπὸ
821 3377 872 3427 τοῦ
888 3371 1021 3438 ἀνομοίου
1039 3372 1110 3424 κατὰ

92 3447 248 3512 (ὺγκριεινῗ
325 3445 361 3494 10
381 3447 515 3510 punctura
533 3448 598 3511 poet
617 3442 774 3497 necessario
789 3445 872 3510 pouit
889 3459 916 3497 m
988 3447 1021 3495 20
1046 3458 1111 3495 oon-

92 3511 279 3570 soientiamO
344 3516 376 3565 21
391 3511 537 3567 hominum
551 3513 589 3568 Or
657 3519 690 3567 24
709 3513 825 3584 fastigio
840 3515 896 3568 Leo
969 3518 1002 3566 25
1018 3512 1111 3582 digni-

92 3585 247 3656 tatequeO
270 3582 460 3638 mutilitamG
494 3584 803 3658 29<temporibus>mo
840 3590 873 3638 30
883 3583 1111 3653 magistratumO
