2584 3978
491 221 601 291 Fragm.
622 227 734 276 22-27.
1075 223 1117 286 27

97 390 202 464 quitus
221 388 252 447 P.
270 387 410 448 Claudius
429 389 512 467 Appi
531 389 619 449 Caeci
636 389 715 451 filius
739 393 852 468 primus
876 411 912 450 ex
933 393 993 451 isto
1012 411 1118 470 genere

96 477 228 536 Pulcher
254 479 422 554 appellatus
451 482 503 538 est.
559 479 617 538 Hic
640 481 743 540 consul
771 483 845 556 aput
872 480 1043 556 Drepanum
1067 481 1117 541 ad·
1143 556 1150 572 .

96 585 201 626 versus
226 568 360 643 auspicia
382 566 490 628 Poenis
514 569 608 628 classe
632 569 772 630 conflixit.
817 569 863 628 Ea
885 587 987 648 pugna
1009 570 1117 630 Roma·

97 674 206 714 norum
228 673 319 716 naves
346 657 499 731 perierunt
518 656 604 716 OXX.
643 655 688 716 Ob
711 657 743 716 id
766 659 879 717 factum
903 657 966 718 dies
989 659 1018 716 ei
1037 659 1117 718 diota

68 747 144 803 sest
185 744 398 819 perduellionis
436 764 454 804 a
490 745 589 805 Pullio
626 749 656 806 et
693 746 850 806 Fundanio
881 750 918 805 tr.
950 748 991 822 pl.
1043 745 1117 806 tum

96 834 223 892 comitia
245 835 308 893 eius
331 835 376 893 rei
397 834 502 894 fierent
525 838 555 894 et
578 837 729 894 centuriae
752 835 1019 909 introducerentur,
1042 838 1117 894 tem·

94 924 199 997 pastas
223 922 343 982 turbida
366 925 468 984 coorta
498 927 556 999 est,
588 925 697 983 vitium
724 926 901 983 intercessit.
947 924 1056 984 Postea
1079 927 1115 984 tr.

93 1011 136 1086 pl.
162 1011 405 1086 intercesserint,
432 1031 470 1071 ne
492 1012 573 1072 idem
594 1013 730 1072 homines
753 1015 786 1071 in
809 1013 912 1073 eodem
934 1015 1115 1092 magistratu

92 1099 309 1174 perduellionis
346 1100 392 1160 bis
434 1100 560 1160 eundem
601 1105 783 1162 accusarent.
850 1103 957 1177 Itaque
999 1104 1115 1162 actione

51 1208 78 1248 ro
93 1190 224 1262 mutata,
246 1189 353 1248 iisdem
376 1189 593 1265 accusantibus,
616 1192 711 1250 multa
734 1193 873 1269 inrogata
895 1192 1024 1268 populus
1048 1182 1116 1250 eum

93 1276 253 1336 damnarit
276 1279 352 1338 aeris
377 1280 476 1356 gravis
501 1278 580 1338 OXX
602 1279 744 1339 millibus.

153 1360 211 1424 ‘At
229 1361 327 1442 sum',
339 1368 464 1443 inquit
482 1362 703 1428 ‘absolutusl'
722 1368 823 1428 Novo
837 1368 980 1445 quidem
993 1369 1114 1427 hercle
1129 1356 1221 1425 Frgm.

91 1472 205 1528 more,
229 1457 286 1514 oui
307 1457 370 1514 uni
393 1455 560 1516 absoluto
584 1458 670 1517 lites
695 1460 910 1517 aestimatae
934 1460 1024 1517 sunt.
1132 1426 1222 1480 XXVI

238 1545 397 1604 victoriam
425 1565 542 1621 quoque
569 1546 676 1604 iudicii
699 1549 799 1606 orator
831 1548 979 1606 convertit
1010 1548 1043 1604 in
1066 1545 1114 1604 de·

51 1651 76 1691 rs
92 1631 183 1692 decue
225 1634 380 1710 inopinata
420 1635 517 1693 inlata
557 1635 729 1694 huiusmodi
768 1637 967 1712 responsione.
1031 1634 1114 1694 Lites

91 1723 196 1780 autem
220 1722 368 1782 damnatis
390 1723 449 1782 reis
472 1723 720 1798 aestimabantur,
744 1743 811 1783 cum
833 1727 949 1783 taxatio
972 1725 1115 1801 pecuniae

91 1809 193 1884 fiebat,
227 1829 303 1886 quae
333 1813 395 1871 illis
428 1811 637 1888 adplicaretur.
685 1811 833 1880 Quoniam
860 1832 930 1892 ergo
958 1832 1019 1872 non
1046 1831 1113 1889 pro·

90 1898 216 1958 batione
237 1901 426 1959 innocentiae
449 1901 500 1960 sed
528 1903 675 1978 corruptis
698 1901 845 1961 iudicibus
869 1903 968 1960 fuerat
992 1900 1113 1960 Clodius

90 1987 258 2062 absolutus,
275 1989 386 2048 idcirco
403 1991 448 2048 ait
466 1990 633 2049 absoluto
652 1991 737 2050 lites
757 1992 979 2065 aestimatas,
998 1991 1114 2049 hoe'est

49 2095 77 2134 ac
92 2095 191 2152 poena
210 2077 330 2153 quidem
348 2077 517 2152 liberatum,
542 2079 594 2138 sed
617 2081 743 2155 pecunia
768 2078 985 2155 quodammodo
1003 2079 1113 2138 multa·

91 2168 168 2239 tum,
191 2184 283 2240 quam
305 2167 452 2226 iudicibus
475 2187 530 2244 pro
553 2167 741 2228 absolutione
764 2170 956 2228 numerasset.

161 2253 271 2324 Quasi
312 2274 375 2334 ego
416 2274 486 2314 non
527 2258 718 2316 contentus
764 2259 843 2330 sim,
889 2257 982 2332 quod
1022 2247 1218 2316 mihiFrgm·

92 2345 252 2418 quinque
284 2346 320 2402 et
351 2344 406 2402 XX
437 2344 577 2404 iudices
611 2344 855 2420 crediderunt,
968 2347 1030 2421 qui
1058 2314 1218 2404 sexxvss

92 2435 260 2507 questres
283 2433 344 2492 abs
372 2435 407 2492 te
428 2434 636 2511 locupletes
659 2437 876 2510 acceperint.

49 2538 76 2578 rs
160 2521 306 2581 Notemus
325 2519 483 2581 verborum
501 2522 676 2582 medietates
700 2523 919 2601 elegantissime
938 2522 975 2581 ab
994 2525 1112 2582 oratore

91 2610 242 2686 suspendi.
297 2611 377 2670 Nam
413 2630 480 2670 cum
511 2630 583 2687 prae
615 2629 646 2670 se
677 2612 770 2671 ferret
802 2611 922 2671 Olodius
954 2613 1113 2670 victoriam

90 2698 210 2772 iudicii,
244 2699 323 2775 quod
349 2698 493 2759 liberatus
526 2701 681 2760 sententiis
710 2701 844 2777 pluribus
872 2701 1036 2773 videretur,
1069 2699 1113 2757 ait

91 2787 210 2846 Tullius
233 2786 273 2846 ad
295 2786 528 2848 confirmandam
549 2791 717 2849 testimonii
739 2792 786 2848 sui
808 2790 984 2867 religionem
1004 2787 1059 2845 XX
1083 2789 1113 2845 et

92 2878 225 2952 quinque
254 2876 311 2935 sibi
338 2877 450 2936 iudices
478 2876 646 2951 credidisse,
677 2879 745 2938 illos
769 2877 916 2952 videlicet,
950 2877 1002 2952 qui
1028 2894 1112 2934 reum

47 2981 78 3022 ao
91 2965 322 3041 damnaverant,
355 2966 407 3025 sed
438 2967 530 3025 etiam
560 2968 643 3041 illos,
680 2969 733 3042 qui
764 2985 818 3043 pro
850 2985 900 3026 reo
933 2966 1112 3025 sententiam

90 3054 235 3128 dixerint,
267 3055 326 3130 ipsi
350 3053 453 3114 (llodio
485 3055 562 3113 nihil
590 3055 761 3130 credidisse,
794 3055 913 3133 quando
941 3054 978 3112 ab
1006 3056 1112 3113 senatu

159 3247 175 3294 2
214 3223 262 3297 lllc
338 3241 500 3311 Drepanum
529 3243 592 3297 Ome
687 3247 703 3295 3
736 3242 850 3296 confixit
867 3243 902 3316 ¹0
995 3247 1028 3294 14
1061 3242 1110 3296 lac.

92 3312 133 3384 1¹!
154 3315 189 3381 -l-
204 3317 222 3367 4
240 3329 289 3368 cm.
300 3337 334 3358 =
354 3317 390 3367 12
409 3314 459 3368 litt.
479 3316 627 3381 διαωρμὸ(
644 3314 733 3383 suppl.
749 3315 790 3384 Zp
808 3314 1053 3382 ropertoocdorlo?

90 3352 192 3438 andrea
213 3384 236 3438 o
317 3383 473 3438 romilius
494 3385 517 3439 c
592 3390 623 3439 rr
651 3385 1026 3454 apparuissemus

90 3460 126 3508 20
144 3455 336 3525 pecnniamC
400 3460 434 3508 23
454 3456 504 3510 loc.
517 3456 582 3510 Mol
594 3458 693 3512 statuit
729 3455 826 3540 <tibi>
839 3457 965 3511 Niebuhr
1001 3454 1020 3527 <
1074 3455 1112 3508 Xl

89 3527 145 3580 tibi
159 3525 234 3580 nihil
248 3525 448 3598 crediderunt>
465 3527 583 3581 Metller:
601 3529 682 3582 ctiam
702 3545 750 3594 qur
770 3528 806 3581 ab
825 3530 925 3582 senatu
938 3525 1111 3595 praesidium

91 3597 228 3666 petierint
246 3598 333 3652 decem
351 3598 408 3653 Leo
426 3603 516 3652 mouet
