2554 3978
196 211 259 276 128
576 212 649 267 PRO
671 211 828 267 PLANCIO

345 381 396 441 sed
424 381 460 441 de
484 379 514 440 Ο.
533 381 630 442 Mario
657 381 753 441 multo
780 380 904 441 liberius
932 384 964 441 et
985 383 1120 441 erectius.
1165 381 1205 438 Ex

166 491 169 499 ·
193 487 252 546 qno
275 472 367 529 etiam
390 489 443 531 suo
466 471 573 532 honori
599 473 764 548 plurimum
790 470 886 544 dedit,
914 471 950 530 de
973 488 1034 547 quo
1056 471 1204 546 aliquanto

193 559 350 620 demissius
374 563 405 618 et
426 561 621 620 verecundius
646 560 769 619 dixerat.

93 663 109 724 ς
129 662 171 712 21.
260 657 326 716 Tui
348 660 549 734 municipes
571 662 655 718 sunt
672 659 734 716 illi
756 659 900 734 quidem
918 657 1205 734 splendidissimi

192 746 367 822 homines,
390 747 451 806 sed
472 750 591 806 tamen
613 749 728 824 pauci.
1225 765 1233 802 s

321 836 424 895 Etiam
441 837 491 895 hic
508 836 680 895 Atinatium
699 837 842 914 suffragia
860 837 1006 912 praetulit
1024 835 1205 904 Tusculanis,

192 942 260 982 cum
283 925 331 982 illi
353 928 384 984 et
405 927 497 1001 pauci
519 928 549 984 et
571 926 681 1000 invidi,
703 926 737 983 bi
759 943 829 985 vero
853 928 884 984 et
905 926 1006 1001 plures
1031 927 1063 984 et
1082 923 1205 1002 benigni.

260 1020 369 1090 Quam
417 1022 560 1098 quidem
605 1043 697 1082 nunc
741 1023 1017 1082 multitudinem
1061 1021 1206 1092 videtis,

191 1111 345 1186 iudices,
367 1112 405 1170 in
428 1113 595 1187 squalore
619 1115 654 1171 et
676 1113 777 1170 luctu
800 1113 1002 1188 supplicem
1024 1110 1137 1170 vobis.

258 1199 381 1260 Miscuit
405 1245 469 1275 ...‚
496 1220 556 1261 non
577 1204 697 1260 tantum
720 1220 779 1276 quo
802 1202 957 1260 doceretur
983 1200 1087 1274 iudex,
1109 1217 1235 1259 vernmu

192 1290 285 1348 ctiam
308 1308 366 1366 quo
389 1293 565 1350 moveretur.
602 1288 747 1349 Adfectus
771 1290 850 1349 enim
873 1291 1020 1351 coloravit
1041 1289 1081 1348 ad
1098 1289 1205 1346 miseri·

192 1378 325 1438 cordiam
366 1379 527 1438 secundum
566 1377 723 1438 Plancium
763 1379 994 1454 permovendum
1035 1397 1072 1436 er
1107 1376 1206 1436 habitu

193 1469 304 1527 civium
326 1469 475 1542 luctuoso,
503 1470 591 1544 quasi
612 1469 673 1545 ipsi
698 1467 931 1528 sollicitudinem
949 1463 1022 1547 <et>
1043 1468 1206 1528 molestiam

191 1574 246 1633 pro
270 1575 323 1616 suo
347 1558 411 1616 civc
434 1559 627 1633 susceperint.

95 1659 173 1720 522.
259 1655 337 1714 Non
359 1655 491 1714 fucosa.
1216 1669 1235 1708 c

257 1742 391 1802 Verbum
422 1746 453 1802 et
479 1744 536 1803 hoc
562 1743 694 1803 notabile
721 1744 813 1802 inter'
828 1736 902 1819 alis,
935 1761 1011 1820 quae
1040 1745 1110 1802 sunt
1137 1745 1203 1817 aput

191 1834 305 1891 veteres
327 1834 453 1909 rariora,
474 1832 662 1892 referendum
685 1835 737 1891 est.
852 1833 993 1892 adversus
1016 1831 1202 1890 Tusculanos.

190 1920 236 1978 Ne
254 1921 331 1979 hanc
349 1921 469 1981 laudem
487 1921 564 1979 nude
583 1921 733 1997 impertiri
750 1919 926 1980 Atinatibus
945 1921 1113 1980 arbitreris:
1135 1936 1202 1995 quos

191 2010 236 2067 ita
259 2009 385 2085 extollit,
408 2011 586 2070 utiliorum
608 2011 851 2070 malevolentiam
874 2011 1030 2087 deprimat.

90 2110 171 2172 523·
259 2105 393 2175 Quibus
425 2127 441 2166 e
473 2109 685 2184 municipiis
717 2109 776 2168 vix
813 2109 911 2181 iam„
932 2103 1037 2187 <qui>
1068 2121 1233 2166 carnemn

191 2194 335 2255 Latinis
358 2199 498 2273 petant,
521 2199 762 2273 reperiuntur.

259 2283 378 2361 Oppida
409 2289 692 2346 commemoraverat
723 2285 908 2346 Lauicanum
940 2289 971 2344 et
998 2283 1147 2345 (labinum
1177 2287 1204 2341 ct

191 2374 325 2433 Bovillas
357 2393 450 2450 prope
481 2375 544 2433 iam
575 2393 671 2434 vacus
703 2378 733 2433 et
759 2375 865 2452 populi
892 2376 1056 2454 exiguitate
1084 2374 1204 2444 deserta,

192 2482 268 2538 quae
295 2462 486 2522 Laterensem
517 2481 577 2523 non
604 2466 760 2540 tantopere
788 2463 938 2540 suffragiis
967 2466 1028 2522 suis
1056 2465 1205 2540 potuerint

192 2551 341 2612 adiuvare.
393 2550 477 2620 Quod
507 2571 577 2612 vero
608 2555 791 2612 mentionem
821 2553 966 2628 petendae
999 2555 1097 2612 cornis
1129 2553 1235 2624 lecito

191 2642 321 2716 pertinet
340 2641 378 2698 ad
397 2641 640 2700 consuetudinem
659 2643 736 2700 sacri
755 2642 960 2700 anniversarii.
990 2642 1069 2700 Nam
1082 2641 1205 2700 Latinae

190 2730 284 2789 leriae
299 2747 389 2806 aquo
403 2731 694 2804 fiieiintinstitutae‚
713 2730 894 2790 dissentiunt
911 2730 1047 2807 plerique
1066 2733 1205 2790 auctores.

190 2817 256 2877 Alii
279 2818 316 2878 ab
338 2818 371 2877 L.
387 2818 551 2894 Tarquinio
569 2818 682 2894 Prisco,
704 2838 773 2896 rege
793 2819 1004 2895 Romanorum,
1027 2821 1205 2892 existimant
1253 2851 1254 2868 κ

191 2908 246 2968 alii
268 2926 338 2968 vero
362 2926 380 2966 a
402 2907 520 2968 Latinis
547 2909 662 2984 priscis.
708 2907 808 2984 Atque
836 2910 915 2967 inter
937 2909 992 2967 hos
1015 2910 1097 2984 ipsos
1121 2925 1206 2968 causa

260 3172 274 3220 1
300 3169 349 3221 loc.
368 3185 416 3220 mi.
437 3169 484 3221 lio.
500 3193 534 3213 ε
554 3171 590 3221 16
614 3167 665 3221 list.
684 3169 774 3234 ψιλῶς
796 3171 858 3235 περὶ
882 3169 989 3222 ottob?
1071 3166 1122 3222 scd
1146 3167 1206 3222 cvm

192 3237 301 3291 scilicet
319 3237 351 3293 St
402 3239 506 3292 rectius
527 3239 604 3304 Oeno,
622 3255 690 3293 corr.
708 3237 746 3292 Or
818 3240 903 3293 tice.
924 3239 967 3293 5¹!
995 3255 1090 3294 αγις
1106 3242 1141 3293 13
1159 3239 1206 3292 us.

192 3311 264 3363 κατὰ
283 3311 436 3376 cosumus?
508 3309 641 3364 iillioo
659 3308 735 3364 him
808 3309 925 3366 iiico
944 3277 988 3364 illi
1005 3327 1033 3364 m
1108 3314 1140 3364 10
1160 3311 1206 3363 luc.

192 3380 243 3453 37,
259 3381 674 3435 crn.=10uti.buonlmucw?
748 3384 781 3433 18
792 3379 863 3453 (ct)
873 3397 917 3436 rao
957 3379 1128 3435 modestiam
1138 3382 1208 3444 om,

191 3450 312 3506 cernor
384 3456 416 3504 16
434 3449 619 3506 intercaliaG
690 3457 722 3504 17
742 3453 792 3506 luc.
811 3457 891 3506 icon.
907 3479 941 3498 =
961 3458 996 3507 10
1015 3455 1066 3508 litt.
1086 3455 1208 3520 ἔγκληα(

191 3523 342 3590 supploso
418 3524 453 3574 20
476 3520 569 3593 (qui)
587 3537 631 3575 mo
703 3528 735 3574 21
759 3523 959 3592 repperiuntur
980 3525 1030 3579 Gm
1102 3529 1137 3577 22
1156 3523 1208 3577 lla·

191 3591 302 3646 binium
322 3592 355 3658 0,
373 3608 441 3647 corr.
459 3591 498 3646 Or
568 3597 603 3645 28
626 3592 839 3665 existimalbant
857 3595 934 3662 Grac,
952 3611 1020 3649 corr.
1038 3594 1078 3648 Or
