2510 3970
175 175 238 240 146
556 174 630 230 PRO
653 173 810 230 PLANCIO

174 346 274 405 autem
309 343 429 403 libellus
465 343 598 403 eiusdem
630 341 795 418 Ciceronis,
834 344 888 420 qui
923 344 968 402 ita
1004 342 1207 404 inscribitur:

172 433 340 492 Edictum
376 431 480 491 Lucii
516 432 654 492 Racilii
689 432 832 491 tribuni
866 431 979 508 plebi,
1022 433 1116 508 quod
1159 432 1206 493 sub

173 524 292 582 nomine
315 522 410 598 ipsius
434 519 537 582 Cicero
560 523 682 597 scripsit
704 523 737 580 in
759 522 959 581 invectionem
981 520 1014 580 P.
1037 520 1147 583 Clodi

76 617 154 680 §⁷8-
238 609 309 670 Illo
329 609 358 669 S.
375 609 405 669 Ο.
421 609 513 686 quod
535 611 573 670 in
594 612 822 670 monumento
841 611 949 669 Marii
972 612 1124 670 factum
1148 615 1203 670 est

239 699 276 759 In
297 699 412 775 templo
435 699 550 759 scilicet
571 698 703 758 Honoris
727 701 758 758 et
779 699 925 773 Virtutis,
953 700 987 758 in
1009 718 1073 776 quo
1104 705 1230 760 actums

173 791 305 866 primum
328 787 448 848 videtur
470 788 507 847 de
529 789 721 848 restitutione
744 787 902 848 Ciceronis.

241 877 314 948 Quo
360 876 503 953 quidem
544 878 654 936 etiam
693 878 808 956 magis
849 895 925 937 sum
965 895 1036 937 non
1083 877 1204 938 dicam

173 968 283 1026 miser
316 995 355 1008 -
394 984 475 1026 nam
509 965 575 1026 hoc
611 966 756 1042 quidem
792 965 964 1026 abhorret
998 984 1018 1025 a
1054 967 1204 1026 virtute

174 1055 320 1115 verbum
346 1085 384 1096 -·
410 1054 471 1114 sed
494 1057 591 1114 certe
614 1056 803 1114 exercitus.
1251 1067 1252 1104 l

316 1143 403 1204 Hanc
426 1145 605 1204 sententiam
628 1144 790 1203 secundum
813 1144 882 1204 illos
900 1142 1062 1220 filosophos
1084 1145 1231 1218 intulitu

175 1233 228 1309 qui
248 1234 494 1292 existimaverunt
512 1251 628 1308 semper
645 1231 749 1294 beatos
768 1250 831 1294 esse
850 1234 1007 1309 sapientes,
1030 1252 1203 1310 numquam

176 1317 263 1401 [non]
283 1323 407 1382 miseros
427 1320 639 1382 existimandus
659 1339 707 1396 ac,
725 1322 753 1382 si
770 1322 845 1398 quid
861 1321 980 1382 adversi
996 1321 1202 1397 prudentibus

175 1413 315 1486 eveniret,
338 1429 398 1470 non
420 1429 548 1487 poenam
570 1411 667 1488 magis
691 1412 721 1470 et
744 1411 949 1471 calamitatem
971 1429 1063 1487 quam
1089 1414 1202 1472 exerci-

176 1502 322 1560 tationem
345 1518 408 1560 esse
432 1501 578 1559 fortunae.

77 1594 156 1656 583.
243 1588 310 1647 Hic
356 1590 467 1648 etiam
507 1587 688 1648 addidisti
727 1608 779 1648 me
820 1589 959 1648 idcirco
999 1607 1077 1648 mea
1121 1591 1231 1668 legen

176 1679 287 1738 exilio
320 1679 493 1737 ambitum
525 1679 702 1752 sanxisse,
734 1680 773 1736 ut
802 1676 1095 1738 miserabiliores
1125 1681 1199 1754 epi·

177 1767 279 1845 logos
302 1784 442 1843 possem
464 1766 592 1825 dicere.

240 1854 335 1914 Varia
366 1856 557 1915 cavillatione
588 1854 758 1915 Laterensis
795 1857 965 1915 exercuerat
1001 1857 1198 1930 asperitatem

124 1954 131 1964 ”
176 1945 324 2004 stomachi
350 1946 398 2004 sui
424 1946 457 2004 in
482 1944 522 2002 Μ.
546 1945 693 2019 Tullium,
720 1947 755 2003 ut
781 1946 874 2004 etiam
901 1963 949 2018 ea,
976 1942 1086 2020 quibus
1115 1945 1198 2004 illius

177 2035 273 2092 oratio
309 2035 439 2092 maxime
474 2032 589 2107 flonut,
625 2035 742 2093 elevare
861 2035 1074 2110 perseveraret.
1135 2033 1230 2092 Nesse

176 2124 349 2200 ignoramus
386 2124 506 2181 auctore
542 2123 609 2198 ipso
643 2121 783 2182 Cicerone
819 2125 850 2182 et
887 2120 917 2183 O.
945 2121 1078 2181 Antonio
1118 2140 1196 2182 cone.

177 2213 273 2288 legem
310 2212 487 2270 severiorem
519 2210 555 2270 de
586 2211 736 2286 puniendo
769 2211 885 2272 ambitu
917 2213 1074 2288 scriptam,
1112 2212 1196 2270 urias

177 2301 315 2359 meminit
340 2318 396 2375 pro
418 2299 556 2374 Murena3
587 2318 659 2358 nam
691 2301 864 2361 clementior
895 2302 1087 2378 aliquatenus
1116 2300 1194 2360 sida

177 2390 267 2448 batur
301 2389 349 2447 lex
386 2389 478 2448 fluisse
511 2386 681 2464 Calpurnia.
736 2388 816 2448 Hinc
851 2408 922 2468 ergo
958 2390 1115 2450 mutuatus
1151 2393 1195 2448 est

178 2478 417 2537 occasiunculam
444 2477 595 2553 quandam
622 2479 753 2537 amarius
780 2478 959 2552 lacessendi,
986 2480 1022 2537 ut
1044 2478 1228 2538 videretnrrs

179 2568 355 2627 atrociorem
376 2585 504 2642 poenam
522 2568 680 2642 eapropter
698 2566 839 2627 adversus
857 2566 1005 2626 ambitum
1022 2566 1194 2633 decrevisse,

178 2658 213 2715 ut
248 2674 303 2732 pro
339 2657 398 2714 reis
435 2655 531 2715 multo
562 2655 749 2714 lacrimosius
781 2658 942 2731 peroraret.
996 2655 1066 2714 Non
1097 2657 1194 2714 minus

178 2749 279 2805 tamen
297 2744 408 2804 urbane
426 2745 458 2803 et
475 2745 540 2820 ipse
553 2743 712 2818 respondet
725 2743 869 2804 denotans
887 2745 1013 2803 nimiam
1025 2743 1195 2804 Laterensis

180 2837 210 2893 et
222 2834 441 2893 inmoderatam
455 2833 685 2893 contumeliosae
696 2832 838 2904 audaciae
846 2833 1048 2893 insulsitatem
1058 2833 1194 2892 dicendo:

178 2922 236 2984 Sed
257 2924 327 2984 tuac
348 2925 443 2983 nescio
466 2923 605 2995 qacnwdo
627 2923 790 2995 frequealer
811 2925 846 2982 ia
862 2940 908 2982 me
925 2921 1091 2996 mustea
1113 2937 1225 2982 sanese

248 3098 281 3146 23
300 3091 356 3146 (lic.
375 3109 426 3160 pro
444 3090 562 3146 Murena
581 3095 606 3157 3,
625 3097 649 3144 5.
679 3096 721 3158 32,
741 3095 782 3145 67.

248 3169 282 3217 24
300 3165 335 3232 cf.
354 3165 393 3218 od
406 3166 534 3232 p.10,1.

249 3344 264 3392 3
283 3338 428 3408 inscripsit
443 3339 515 3407 (luo,
528 3356 596 3396 corr.
609 3339 789 3405 Garatonius,
802 3339 929 3394 Ntctatr
997 3344 1031 3394 10
1050 3341 1101 3396 lec.
1116 3344 1135 3396 3
1148 3357 1194 3396 cst

182 3437 216 3457 =
231 3415 248 3466 6
262 3412 314 3465 titt.
328 3412 444 3478 γνώμηῖ
517 3417 550 3464 12
569 3427 625 3464 non
643 3411 760 3465 miseros
779 3411 809 3477 0,
827 3427 895 3465 corr.
912 3411 978 3464 Mai
995 3427 1061 3465 vero
1079 3412 1195 3466 miserm

182 3483 215 3538 St
285 3481 1019 3606 2⁰100·2¹l4†2¹g‚⁶m·=1⁰²²'d-«1m‘0taoltt
1097 3487 1133 3538 24
1150 3482 1195 3536 hic

185 3553 261 3617 Orno,
279 3568 347 3606 corr.
362 3551 394 3605 St
465 3555 499 3604 28
516 3569 550 3604 ur
570 3553 685 3608 anan
755 3555 788 3604 30
807 3552 1013 3609 concessistiG
