2554 3978
513 244 528 304 ἓ
547 171 660 292 48ζῦ5.
1052 239 1094 304 93

72 425 144 464 cum
181 407 310 465 exercitu
346 409 556 483 permanserit,
594 409 740 482 quatenus
772 409 805 466 in
837 408 959 466 emlium
992 405 1094 468 Gicero

72 494 246 554 discederet.

144 583 272 658 Gener,
295 586 331 643 et
352 584 435 644 Piso
459 603 574 663 gener.
839 625 843 638 .
1115 593 1191 655 554.

142 672 211 732 Nou
239 674 334 732 otiose
362 673 600 733 additamentum
627 676 755 734 nominis
783 675 867 750 fecit,
894 676 927 733 in
948 675 1096 736 invidiam

46 761 192 822 esoilicet
219 761 252 820 L.
275 762 406 836 Pisonis,
436 764 489 838 qui
516 781 570 822 nec
597 765 823 840 propinquitate
851 767 1016 824 commotus
1044 764 1094 824 ad·

76 850 131 910 fini
154 869 208 910 suo
231 853 419 928 temperavit.

143 939 278 1018 Legum
301 959 377 1000 cum
401 959 521 1000 earum
543 959 633 1016 quae
660 941 771 1017 latae,
801 944 875 1001 tum
898 961 981 1002 vero
1006 961 1095 1018 quae
1115 949 1130 1009 ξ
1150 949 1192 998 55.

74 1028 330 1107 promulgatae
353 1029 508 1089 fuerunt.

144 1115 240 1194 Saepe
271 1118 348 1178 banc
379 1118 497 1178 ostendi
527 1120 736 1198 promulgatae
766 1121 841 1199 legis
874 1123 905 1179 et
930 1121 1012 1180 latae
1039 1121 1095 1180 dif-

36 1227 62 1268 10
76 1207 245 1266 ferentium.
282 1207 361 1267 Nam
383 1207 558 1268 trinundino
576 1208 829 1286 proponebantur,
852 1211 937 1268 utin
954 1211 1096 1269 notitiam

74 1296 185 1372 populi
220 1298 422 1372 pervenirent:
459 1314 518 1372 quo
551 1300 654 1357 exacto
686 1300 820 1375 tempore
854 1298 990 1358 ferebant
1021 1301 1095 1358 iuris

74 1384 173 1442 validi
195 1383 376 1445 firmitatem

144 1473 193 1532 Ut
215 1476 379 1533 censoria
404 1476 514 1534 notio.

146 1559 359 1622 Clodianarum
376 1563 477 1642 legum
499 1564 574 1623 facit
597 1567 864 1640 enumerationem,
887 1583 1015 1641 quarum
1037 1566 1096 1624 fuit

36 1671 61 1712 15
76 1653 107 1710 et
134 1650 221 1710 haec:
253 1671 290 1711 ne
317 1653 421 1713 liceret
449 1655 564 1712 censori
590 1656 753 1730 praeterire
781 1655 912 1730 aliquem
934 1655 967 1712 in
990 1657 1096 1714 senatu

76 1739 240 1814 recitando,
263 1742 322 1800 nisi
345 1760 420 1816 eum,
444 1761 531 1818 quem
555 1742 730 1801 damnatum
753 1762 816 1804 esse
839 1745 997 1803 constaret.

145 1827 193 1888 Ut
223 1831 384 1890 remissis
418 1833 513 1890 senis
541 1834 577 1890 et
602 1832 802 1892 trientibus
830 1834 959 1910 quinta
986 1851 1096 1910 prope

78 1936 163 1993 pars
186 1921 425 1997 vectigalium
447 1920 650 1979 tolleretur.

145 2005 244 2066 Antea
267 2008 387 2083 quidem
406 2007 555 2068 Gracchus
578 2011 676 2088 legem
697 2011 818 2085 tulerat,
841 2012 877 2069 ut
894 2011 1022 2088 populus
1041 2030 1095 2087 pro

39 2115 65 2154 ro
79 2096 243 2170 frumento,
270 2097 351 2173 quod
377 2097 435 2157 sibi
462 2097 580 2175 publice
607 2099 742 2173 daretur,
769 2101 802 2158 in
825 2100 958 2179 singulos
980 2100 1096 2159 modios

79 2203 164 2244 senos
188 2187 265 2246 aeris
289 2188 319 2246 et
341 2188 464 2246 trientes
487 2189 579 2261 pretii
600 2189 720 2247 nomine
748 2188 920 2248 exsolveret.
967 2187 1026 2247 Sed
1047 2189 1096 2247 hio

80 2292 158 2332 anno
182 2292 236 2333 suo
255 2274 288 2332 P.
302 2271 445 2354 <Clodius
463 2278 501 2334 tr.
515 2271 578 2354 pl.)
596 2278 825 2336 frumentariam
843 2279 939 2356 legem
957 2277 1039 2352 tulit,
1062 2279 1096 2336 ut

148 2484 181 2533 10
200 2480 235 2546 cf.
255 2479 311 2534 Cic.
330 2479 452 2549 Philipp.
472 2480 498 2534 V
516 2486 541 2547 3,
556 2486 581 2536 8.

147 2555 181 2603 14
204 2551 305 2605 Ascon.
325 2556 351 2618 8,
370 2557 386 2604 t
407 2553 452 2618 (Ρ.
468 2552 581 2607 Gloclim
598 2554 665 2608 tulit
683 2554 776 2624 lcycm)
797 2555 939 2622 quartam,
958 2569 994 2608 ue
1013 2569 1097 2623 quem

79 2637 208 2676 censores
227 2621 258 2676 in
277 2624 376 2676 senatu
394 2621 514 2693 legando
532 2622 718 2692 praeterirent
737 2667 792 2691 ...,
811 2624 867 2678 nisi
886 2625 935 2694 qui
954 2625 1031 2694 apud
1049 2640 1096 2680 cos

78 2694 228 2746 aecusatus
248 2694 277 2747 et
296 2736 302 2747 .
319 2736 346 2747 ..
367 2694 517 2747 damnatus
536 2696 617 2748 esset.

148 2769 181 2817 19
200 2765 236 2831 es.
255 2763 312 2818 Liv.
332 2780 390 2834 per.
409 2764 471 2820 LX:
500 2764 527 2820 G.
548 2763 690 2820 Gracchus
710 2809 715 2820 .
732 2809 760 2820 ..
784 2765 895 2835 aliquot
916 2766 994 2837 leges
1020 2766 1096 2833 tulit,

78 2836 153 2959 {inter
172 2850 243 2902 quas
266 2834 492 2904 frumentariam,
515 2839 548 2890 ut
566 2837 640 2891 senis
660 2839 688 2890 et
706 2837 809 2891 triente
828 2837 1000 2892 frumentum
1018 2837 1097 2906 plebi

99 2908 202 2961 aratur.

147 2983 182 3031 20
209 2979 310 3031 Aacou.
331 2981 356 3045 7,
376 2982 409 3031 25
434 2980 480 3046 (P.
500 2979 613 3034 Clodium
635 2981 701 3035 tulit
728 2981 841 3050 locem)
870 2981 902 3033 ut
924 2978 1096 3034 frumentum

79 3048 203 3174 33th
214 3048 393 3174 qnodtiangea
405 3049 481 3174 {gruis
495 3050 567 3104 aeris
582 3066 616 3105 ac
630 3050 780 3104 trientibus
798 3051 829 3104 in
848 3049 973 3120 singulos
987 3050 1096 3105 modios

137 3134 155 3171 a
203 3135 318 3190 ,gras
357 3135 405 3173 are
453 3163 459 3174 .

37 3337 41 3346 '
147 3340 164 3388 3
193 3318 271 3389 ll’SO
362 3339 379 3387 4
411 3333 508 3388 odiose
536 3335 560 3390 O
638 3283 867 3408 btltleNl'lllt
958 3341 973 3390 7
1001 3337 1097 3406 legum

81 3404 293 3459 multitudinem
310 3404 387 3460 codd.
399 3406 453 3461 (lic.
526 3405 644 3462 letan
715 3412 748 3460 10
775 3407 1029 3476 proponebaturt'

83 3481 113 3529 11
142 3477 201 3529 uris
221 3477 245 3532 G
264 3475 295 3529 in
312 3475 382 3530 iuris
394 3493 456 3543 ¹erto,
475 3493 543 3532 corr.
557 3478 599 3549 29
673 3484 706 3532 13
728 3477 808 3532 notia
832 3479 856 3533 O
931 3484 963 3532 17
987 3478 1096 3533 remisis

83 3549 106 3602 0
202 3547 414 3620 ὙΚΙΒΕἾΤΙΒ·
542 3554 575 3602 19
607 3548 681 3631 <G>
714 3549 855 3604 Gracchus
890 3550 977 3605 Halm

83 3624 115 3671 21
144 3618 296 3691 abacta!
399 3625 432 3673 22
460 3618 644 3674 fulmentana
668 3622 691 3676 O
