2584 3978
202 193 343 248 XXXVIII
601 194 815 250 PRAEFATIO.

207 365 238 419 et
270 380 330 420 una
362 361 508 421 columna.
558 363 663 438 Neque
695 383 765 422 vero
798 366 935 423 accurate
965 363 1081 423 definiri
1113 367 1226 440 potest,

207 454 354 525 quantum
386 451 470 511 desit.
518 452 638 510 Lenim
671 454 815 513 orationis
848 454 1078 512 commentarius
1111 454 1143 510 in
1176 472 1224 510 ex·

205 542 302 598 treme
325 540 532 614 quaternionis
550 540 648 599 LXIV
661 543 773 617 pagina
793 534 864 622 (43)
888 542 926 600 ad
949 541 1037 600 finem
1060 541 1224 616 perductus

205 647 267 687 non
290 630 343 703 est,
367 629 523 704 quaternio
538 629 636 689 LXVI
653 649 724 690 vero
738 630 918 689 Vatinianae
938 633 1054 706 partem
1078 630 1223 689 continet.

202 717 310 792 Itaque
338 717 370 774 in
399 721 594 794 quaternione
616 719 698 778 LXV
722 720 830 778 amisso
859 720 889 778 et
915 719 983 779 finis
1007 718 1164 778 Sestianae
1194 723 1224 778 et

197 806 326 864 initium
339 807 521 866 Vatinianae
540 809 685 883 scriptum
704 811 782 867 erat:
803 808 882 868 unde
902 809 999 867 elucet
1016 827 1112 884 neque
1130 809 1223 868 huius

203 913 300 970 neque
330 895 412 954 illius
441 897 649 956 commentarii
671 897 781 974 integri
805 897 934 974 spatium
958 900 1038 956 certo
1063 899 1223 972 conputari

205 976 328 1065 posse.¹)
376 985 488 1043 Tamen
510 985 591 1044 Maio
615 987 752 1045 assentiri
775 1006 836 1046 non
858 986 976 1060 dubito,
1000 986 1064 1062 qui,
1094 1005 1164 1044 cum
1191 988 1223 1045 in

206 1071 344 1132 Sestiana
380 1093 475 1150 pauca
512 1075 622 1148 desint,
657 1075 688 1132 in
716 1074 880 1135 Vatiniana
912 1078 942 1134 et
973 1075 1160 1152 prooemium
1193 1078 1224 1133 et

204 1162 410 1221 commentarii
441 1181 511 1238 pars
544 1164 582 1221 ad
612 1161 690 1239 §§1
722 1163 759 1222 ad
789 1166 809 1223 4
841 1165 993 1240 pertinens
1026 1163 1221 1239 desideretur,

202 1249 285 1310 illius
309 1254 460 1326 quattuor,
483 1253 571 1311 huius
595 1253 750 1312 duodecim
772 1253 899 1332 paginas
922 1253 1046 1312 amissas
1069 1271 1131 1312 asse
1152 1271 1220 1311 eon-

202 1338 281 1398 iecit.
326 1340 433 1416 Itaque
463 1341 548 1400 credo
573 1340 728 1401 Sestianae
751 1344 997 1402 commentarium
1020 1341 1221 1419 integrumL

202 1428 329 1505 paginas
363 1432 393 1486 et
423 1448 517 1489 unam
548 1430 716 1490 columnam
748 1425 951 1506 occuparissd,
974 1430 1158 1489 Vatinianae
1190 1434 1221 1488 in

203 1520 334 1576 extrema
365 1518 476 1596 pagina
514 1520 719 1594 quaternionis
750 1519 848 1578 LXVI
881 1519 1042 1580 desinentis
1078 1519 1220 1580 XXVIII.

203 1605 345 1682 Sequitur
362 1607 441 1666 hunc
463 1607 626 1666 Planciana
655 1612 761 1684 coepta
788 1609 820 1667 in
842 1610 940 1684 prima
962 1609 1074 1686 pagina
1097 1611 1220 1683 quater·

201 1695 299 1754 nionis
322 1695 435 1754 LXVII
459 1688 541 1776 (Vat.
559 1689 651 1777 182),
683 1698 720 1756 ad
747 1697 836 1756 finem
859 1697 1002 1774 perducta
1024 1698 1056 1755 in
1080 1699 1221 1757 columna

202 1783 302 1859 priore
324 1785 449 1843 ultimae
472 1788 601 1863 paginae
627 1787 831 1862 quaternionis
854 1786 934 1845 LXX
959 1779 1109 1866 (Ambros.
1131 1779 1220 1867 198).

203 1869 360 1932 Continuit
389 1874 483 1950 igitur
510 1875 627 1952 integer
654 1877 882 1934 commentarius
905 1875 1006 1934 LXIII
1032 1875 1162 1952 paginas
1191 1879 1220 1933 et

201 1981 293 2020 unam
321 1962 502 2039 columnam,
536 1983 551 2021 e
579 1964 686 2040 quibus
716 1968 875 2040 supersunt
896 1965 1009 2022 XXXV
1030 1965 1162 2042 paginae
1192 1968 1221 2024 et
1282 2004 1283 2010 κ

202 2068 263 2108 una
287 2051 433 2110 columna.
478 2052 544 2110 Hae
568 2053 677 2129 quibus
701 2054 774 2113 locis
797 2053 952 2129 ponendae
980 2054 1054 2126 sint,
1086 2052 1220 2112 dubitari

200 2141 314 2214 nequit.
368 2140 566 2215 Excipiuntur
603 2144 738 2202 oratione
775 2141 810 2201 de
848 2160 915 2201 aere
952 2143 1050 2200 alieno
1086 2141 1219 2216 Milonis,

200 2246 277 2303 quae
301 2228 419 2306 integra
442 2234 588 2305 quantum
611 2232 704 2307 spatii
726 2231 914 2306 continuerit,
938 2230 976 2289 ob
1000 2250 1065 2290 eam
1085 2250 1150 2288 rem
1170 2231 1218 2289 de-

200 2317 282 2374 cerni
310 2318 428 2391 nequit,
460 2321 532 2393 quia
559 2319 638 2378 inter
664 2322 807 2397 pagInam
832 2322 904 2395 317,
934 2319 1075 2378 ultimam
1097 2322 1218 2394 qnater-

199 2404 297 2464 nionis
321 2405 418 2464 LXXI
441 2439 486 2448 —
508 2427 578 2468 nam
601 2410 712 2486 pagina
738 2411 799 2468 189
825 2408 972 2484 excipitur
994 2427 1063 2486 pag.
1083 2409 1147 2467 316
1173 2441 1217 2450 -

200 2496 230 2552 et
255 2495 332 2570 122,
361 2495 489 2571 primam
513 2497 717 2572 quaternionis
741 2517 800 2557 non
824 2499 949 2576 signati,
976 2515 1046 2573 pars
1070 2515 1219 2557 commen-

199 2583 272 2641 tarii
303 2583 468 2660 intercidit,
499 2585 573 2645 haec
596 2605 665 2645 vero
704 2590 816 2662 quanta
840 2587 932 2645 fuerit
966 2585 1124 2645 diiudicari
1158 2606 1218 2646 non

199 2673 308 2747 potest.
353 2673 457 2748 Neque
485 2693 555 2733 vero
583 2675 651 2750 plus
682 2693 772 2751 quam
799 2696 892 2734 unum
919 2676 1145 2750 quaternionem
1170 2695 1217 2734 ex·

200 2761 307 2820 cidisse
329 2763 492 2821 verisimile
515 2768 574 2838 est3
597 2784 633 2822 ne
653 2764 750 2823 dicam
768 2766 845 2823 hanc
864 2764 1044 2824 invectivam
1063 2783 1098 2822 ex
1116 2765 1216 2842 iurgio

199 2851 400 2926 conscriptam
433 2852 513 2910 haud
545 2853 667 2930 longam
699 2853 790 2912 fuisse
822 2853 976 2928 probabile
1007 2871 1069 2911 esse
1093 2885 1136 2893 -
1161 2854 1217 2913 hoc

200 2941 314 2997 certum
337 2941 383 2999 est
407 2937 577 3040 Gicerpnem
599 2945 660 3000 tres
683 2945 802 3001 tantum
825 2942 1028 3002 accusationes
1050 2939 1149 3000 Clodii
1173 2963 1216 3002 re·

199 3027 307 3101 futare,
330 3048 345 3086 e
370 3029 477 3104 quibus
501 3030 574 3090 duas
602 3032 664 3090 iam
691 3031 723 3089 in
750 3031 940 3109 fragmentis,
973 3049 1049 3106 quae
1076 3029 1216 3091 lacunam

200 3116 392 3192 antecedunt,
425 3117 528 3192 diluit,
560 3119 596 3178 de
623 3121 714 3178 tertia
741 3138 811 3179 vero
839 3138 899 3179 non
926 3119 1054 3178 multum
1082 3120 1216 3196 proferre

199 3207 326 3280 poterat.
372 3206 479 3282 Itaque
502 3228 561 3269 non
585 3209 660 3267 mihi
686 3208 865 3285 persuadere
892 3227 1011 3285 possum
1035 3212 1215 3268 commenta-

199 3294 277 3352 rium
309 3295 377 3370 plus
409 3315 501 3372 quam
528 3297 673 3356 XXXIIII
704 3297 830 3375 paginas
863 3299 894 3356 et
924 3317 1015 3357 unam
1046 3297 1216 3357 columnam

199 3383 389 3443 continuisse.
427 3384 472 3443 Ex
494 3386 541 3444 his
565 3387 766 3462 supersuntX
788 3387 917 3463 paginae
940 3390 971 3446 et
988 3403 1049 3445 una
1067 3386 1216 3462 columna,

272 3573 296 3638 1)
316 3573 396 3628 Aret.
415 3574 493 3628 class.
513 3575 554 3642 II,
568 3591 600 3643 p.
615 3577 678 3629 167.
