2584 3978
497 197 608 266 Fregm.
629 201 724 250 2-14.
1078 195 1121 261 23

126 364 316 511 smigm
364 384 527 444 magnum
578 365 752 442 quendam
802 366 981 424 cumulum
1026 356 1227 480 aerisFffiffl·

100 472 252 690 {sledllddd
274 562 335 602 non
351 546 453 620 posset
470 544 531 602 nisi
548 545 682 603 omnium
700 544 923 619 provinciarum
941 543 1120 618 spoliatione

149 649 236 690 sov1.

70 746 85 786 o
173 729 356 807 Ingemuit
379 732 526 808 gravius
549 729 715 789 timidior
739 729 884 805 quidam
907 729 1074 788 creditor.
1134 721 1226 792 Frem-

168 817 216 876 Ne
253 819 413 893 quaesieris
450 821 513 878 eius
544 837 717 895 personam,
755 818 791 878 de
823 837 881 894 quo
914 818 1033 878 videtur
1063 819 1120 878 boc

99 906 208 964 dicere.
263 906 341 966 Nam
373 908 552 985 generaliter
582 907 683 986 fingit,
715 910 750 966 ut
781 907 949 983 desperatio
977 908 1120 982 pecuniae

98 994 321 1071 recuperandae
367 999 602 1056 constemaverit
646 996 806 1056 creditores
850 998 913 1055 eius
954 997 1120 1056 metuentes

98 1085 216 1143 scilicet
237 1085 407 1143 revertendi
429 1085 613 1145 tarditatem.

55 1200 83 1240 ro
168 1179 373 1240 Confirmat
413 1201 448 1242 se
489 1185 648 1242 comitiis
694 1181 947 1242 consularibus
989 1173 1226 1242 RomaeFrgm·

96 1270 272 1328 futurum.
1162 1244 1200 1297 XI

166 1358 297 1418 Aculeus
321 1362 366 1419 est
389 1361 572 1435 asperitatis,
600 1379 671 1419 nam
698 1361 848 1436 plerisque
871 1361 903 1418 in
931 1361 1004 1419 loeis
1027 1361 1118 1418 inter·

95 1465 201 1506 versas
234 1446 272 1506 ab
303 1448 406 1507 eodem
434 1446 537 1508 Clodio
565 1451 740 1508 criminatus
769 1451 814 1507 est
845 1450 985 1524 pecunias
1018 1449 1119 1508 candi·

96 1536 248 1595 datorum.

55 1652 80 1692 re
166 1633 282 1693 Tanto
323 1636 423 1710 prius
465 1635 508 1694 ad
544 1637 723 1694 aerarium
759 1636 874 1709 venit,
915 1637 954 1693 ut
989 1635 1041 1693 ibi
1077 1626 1226 1694 neFrgffl·

95 1720 256 1781 scribam
280 1723 422 1799 quidem
446 1742 658 1799 quemquam
684 1723 896 1783 offenderet.
1151 1697 1202 1750 ΧΠ

165 1819 251 1896 Aput
269 1823 418 1880 aerarium
436 1823 538 1881 sortiri
555 1823 725 1898 provincias
744 1824 775 1881 et
794 1825 964 1898 quaestores
984 1822 1120 1882 solebant

95 1912 127 1966 et
151 1907 280 1983 scribae,
307 1913 342 1969 ut
368 1929 423 1985 pro
451 1913 532 1970 certo
559 1913 731 1986 appareret,
758 1912 791 1969 in
819 1929 909 1987 quam
932 1912 1119 1987 provinciam

94 1997 145 2056 vel
169 2015 238 2055 cum
262 2017 320 2073 quo
343 1998 480 2074 praeside
501 1999 767 2076 proficiscerentur.
804 1999 951 2059 Ardorem
971 1999 1119 2075 quendam

55 2105 83 2143 2⁰
96 2086 210 2144 nimiae
229 2086 403 2162 cupiditatis
422 2089 525 2147 volens
544 2090 707 2165 exprimere
731 2088 888 2148 festinasse
907 2088 946 2147 ad
969 2091 1119 2148 aerarium

97 2175 183 2250 dixit,
207 2178 242 2233 ut
265 2177 356 2235 etiam
379 2176 544 2235 scribarum
567 2179 755 2253 praeveniret
778 2177 947 2237 adventum.

164 2272 233 2342 Qui
257 2275 376 2332 omnia
399 2274 589 2334 sacrificia
611 2277 741 2334 nosset.
1130 2264 1222 2334 ΡΨ·

163 2361 207 2420 Ut
230 2363 376 2421 incestum
397 2362 588 2442 significaret,
611 2363 707 2422 medie
730 2363 886 2439 suspendit
909 2363 1117 2438 elocutionem,
1144 2334 1207 2388 ΧῙΠ

95 2470 155 2510 non
180 2454 216 2509 ut
239 2451 415 2530 religionem
437 2452 653 2528 praetenderet,
677 2452 729 2511 sed
752 2456 786 2510 ut
809 2453 929 2511 crimen.

56 2565 81 2605 25
165 2547 251 2620 Cum
278 2567 313 2607 se
337 2548 380 2609 ad
407 2549 546 2625 plebem
573 2551 732 2610 transire
755 2551 850 2609 velle
877 2550 1028 2625 diceret,
1055 2537 1224 2610 sedFrgm·

94 2639 228 2696 misere
251 2638 384 2697 fretum
406 2639 566 2698 transire
590 2642 744 2715 cuperet.
1143 2607 1207 2661 ΧΝ

163 2723 314 2794 Quoniam
335 2729 472 2803 patriciis
496 2746 556 2786 non
577 2728 688 2787 licebat
706 2727 893 2786 tribunatum
913 2727 953 2803 pl.
973 2728 1116 2802 accipere,

93 2814 208 2875 idcirco
241 2833 272 2874 se
305 2814 445 2876 Clodius,
463 2815 692 2876 denuntiaverat
724 2818 756 2875 in
788 2815 936 2892 plebeiam
967 2815 1114 2874 familiam

94 2906 305 2978 transiturum,
327 2907 363 2964 ut
386 2904 511 2981 adeptus
534 2906 611 2965 banc
634 2908 814 2983 potestatem
842 2905 878 2962 de
901 2905 961 2963 suis
984 2905 1115 2965 inimicis

56 3011 81 3052 eo
94 2993 308 3052 vindicaretur.
354 2993 398 3052 De
424 2989 523 3054 ‘freto’
549 2997 649 3052 autem
675 2994 755 3070 quod
778 2995 835 3068 ait,
857 2991 934 3051 illud
957 2991 1114 3070 significat,

94 3101 153 3159 quo
180 3081 285 3140 Sicilia
308 3081 345 3140 ab
368 3082 459 3142 Italia
482 3086 649 3158 separatur:
677 3084 709 3142 in
737 3101 797 3158 qua
824 3100 855 3142 se
882 3083 1037 3158 provincia
1061 3082 1115 3142 sub

95 3169 125 3229 0.
135 3171 274 3249 Vergilio
298 3172 500 3249 gratularetur
522 3171 602 3230 idem
624 3172 760 3231 futurum
783 3190 845 3232 esse
868 3175 1065 3247 quaestorem.

161 3435 178 3482 5
208 3428 331 3497 quadam
360 3429 384 3484 Ο
470 3435 504 3483 23
532 3429 690 3499 significare
717 3431 742 3485 0
810 3429 915 3484 medies
944 3430 968 3485 G
992 3428 1116 3483 mediam

93 3517 150 3567 mo,
169 3500 338 3555 coraKroll
427 3506 461 3554 25
487 3501 624 3557 dicereO
712 3507 745 3554 29
765 3500 1037 3558 transcursum

95 3577 128 3624 30
152 3570 221 3624 illut
240 3572 263 3627 0
342 3575 375 3624 32
401 3571 494 3625 eidem
515 3572 553 3627 Or
