2584 3978
487 214 597 283 Fragm.
618 219 694 268 1-7.
1057 214 1098 278 31

85 381 120 439 ab
142 380 240 440 Alexa
261 400 338 460 rege.
380 379 601 441 Occurrendum
624 385 670 441 est
692 383 794 459 igitur,
818 384 853 440 ut
874 382 948 441 haee
970 383 1101 442 refuten-

84 473 138 527 tur.
178 470 219 528 Et
240 471 273 528 in
295 472 362 546 ipsa
383 472 587 546 propositione
667 472 826 549 insigniter
844 471 926 530 faeta
945 473 998 545 est,
1022 471 1102 547 quod

83 559 127 618 his
150 557 251 618 verbis
273 559 390 637 ingredi
413 561 557 635 eoeperit:

147 646 289 706 Debent
325 665 401 707 esse
432 648 717 722 modestissima,
755 649 922 723 quoniam
959 648 1101 724 quidem
1115 639 1207 710 Frem-

61 739 135 795 sest
166 736 233 795 hoo
266 738 392 796 summi
422 738 570 812 imperii
596 740 737 796 nosmet
765 738 864 812 ipsos
895 736 935 796 de
965 739 1101 797 nostris
1136 711 1177 765 IV

83 825 186 883 rebus
210 824 387 899 iudicare,

146 932 219 972 nam
246 914 312 972 vult
339 917 440 974 orator
466 914 603 992 intellegi
629 931 723 989 paene
754 914 933 990 inpudenter
964 917 1101 974 senatum

84 1002 117 1060 de
149 1020 242 1061 eausa
273 1020 327 1061 sua
358 1002 491 1062 iudicare
522 1003 668 1077 voluisse,
705 1020 773 1061 eum
809 1004 849 1062 eit
880 1003 1030 1077 naturale,
1067 1007 1101 1063 ut

83 1092 285 1166 unusquisque
317 1110 377 1150 non
412 1093 508 1167 possit
539 1093 723 1166 aequitatem
753 1093 833 1151 tueri
865 1092 901 1151 de
932 1092 1014 1152 lucro
1047 1110 1099 1152 suo

50 1198 71 1237 ro
83 1181 271 1256 potissimum
294 1182 437 1259 cogitare,
461 1179 541 1255 quod
558 1181 733 1256 plerumque
753 1181 904 1240 eonitatur
923 1181 1015 1240 etiam
1033 1199 1101 1239 eum

82 1268 265 1345 inprobitate
287 1268 453 1345 deposcere.

146 1355 215 1426 Qui
248 1376 287 1415 ex
318 1357 522 1416 hereditate
553 1360 658 1416 tanta
690 1376 796 1416 unum
830 1359 944 1417 solum
975 1376 1099 1417 nomen
1112 1348 1205 1418 Frgm·

84 1447 342 1525 agnoverimus.
1145 1419 1172 1475 V

146 1534 216 1594 Cito
253 1536 355 1610 rapuit
388 1553 442 1610 pro
475 1552 506 1593 ee
538 1537 746 1613 argumentum
777 1535 925 1595 iudicasse
958 1535 1100 1610 quodam-

51 1639 73 1680 15
84 1624 167 1685 modo

394 1711 524 1784 (Desunt
547 1712 621 1770 XII
634 1711 788 1787 popinae.)

214 1839 250 1895 ut
272 1835 384 1895 bellum
406 1836 567 1914 gerendum
589 1855 652 1896 esse
676 1838 820 1910 censeret,
844 1837 897 1912 qui
918 1838 1100 1897 mentionem

84 1927 225 2000 pecuniae
248 1925 366 1984 fecerat.

147 2014 207 2074 Sia
232 2016 286 2074 est
308 2015 407 2073 iusta
435 2032 542 2074 eausa
569 2014 671 2088 belli,
699 2014 811 2074 sicuti
835 2011 983 2073 Crassus
1007 2005 1205 2130 eom-Frffiffl·

52 2104 295 2164 rememoravit
318 2120 394 2161 eum
416 2103 592 2181 Iugurtha
615 2102 736 2163 fuisse.

145 2192 347 2252 Notissimum
379 2194 425 2251 est
455 2191 582 2267 Micipsa
613 2209 682 2269 rege
709 2190 869 2250 Numidiae
900 2193 1018 2251 mortuo
1045 2193 1099 2250 tm'-

84 2279 189 2339 fariam
226 2282 306 2339 inter
337 2279 530 2339 Atherbalem
562 2283 592 2338 et
624 2279 830 2355 Hiempsalem
860 2283 890 2338 et
921 2278 1100 2357 Iugurtham

85 2387 205 2446 regnum
239 2387 301 2428 esse
324 2368 462 2428 divisum.
508 2367 587 2438 Quos
619 2371 720 2428 tamen
750 2368 823 2428 duos
850 2367 931 2426 idem
953 2368 1099 2446 Iugurtha

85 2459 193 2531 partim
216 2459 249 2518 vi
275 2459 388 2533 partim
414 2476 483 2517 vero
510 2457 629 2517 insidiis
656 2458 815 2516 interfecit.
860 2455 943 2516 Haeo
969 2457 1018 2516 illi
1040 2458 1100 2516 tuit

53 2559 74 2599 re
86 2561 170 2606 eausa
188 2547 351 2623 praecipua
369 2546 481 2604 bellum
503 2545 626 2626 gerendi
648 2545 789 2606 adversus
808 2547 953 2622 populum
971 2546 1005 2603 R.
1041 2544 1099 2615 Qui

85 2636 181 2694 tamen
208 2638 278 2710 post
304 2636 415 2694 multos
442 2636 637 2710 imperatores
665 2635 798 2714 graviter
825 2633 960 2694 adflictos
989 2633 1028 2694 ad
1050 2653 1098 2693 ex-

85 2723 209 2782 tremum
233 2721 264 2784 0.
282 2722 378 2783 Mario
401 2725 582 2799 imperatore
605 2726 762 2799 superatus
786 2726 839 2782 est.

145 2813 225 2871 Non
261 2813 384 2887 patiar
418 2812 509 2871 hane
546 2813 710 2872 exaudiri
742 2830 862 2873 vocem
895 2811 1001 2870 huius
1033 2800 1203 2870 imffiffffl·
1269 2807 1270 2894 p

87 2901 186 2972 perii:
215 2895 302 2978 ‘Ego
324 2904 373 2975 te,
405 2901 478 2959 nisi
505 2900 566 2960 das
595 2901 749 2976 aliquid,
777 2901 930 2973 hostem,
958 2901 989 2958 si
1013 2899 1099 2974 quid
1269 2905 1270 2912 ’

56 2999 77 3040 au
89 2986 237 3064 dederis,
261 2990 395 3049 socium
418 2991 453 3047 et
476 2991 627 3048 amioum
649 2982 838 3048 iudicabo.³

146 3076 195 3135 Ad
223 3077 365 3137 tuendam
391 3079 539 3137 rationem
566 3078 688 3154 pudoris
716 3079 887 3153 exsequitur
913 3095 973 3135 non
995 3076 1098 3136 decere

89 3167 225 3241 populum
252 3165 287 3224 R.
310 3166 364 3226 has
392 3169 555 3242 potestates
583 3168 681 3244 regias
713 3166 888 3241 nundinari,
920 3168 955 3224 ut
982 3164 1098 3225 obieeta

88 3291 293 3305 *a

150 3376 164 3424 2
193 3373 242 3427 lac.
263 3371 304 3444 1¹!
329 3371 636 3441 †4em.=12ta'tt.
662 3374 743 3439 μικτὴ
763 3370 890 3439 διαίρεει(
911 3372 953 3425 vet
971 3370 1097 3439 διαίρεει(

90 3442 217 3512 eapptZ'g
230 3443 289 3498 coll.
299 3411 395 3497 tthett.
405 3441 473 3496 min.
482 3442 523 3497 ed.
532 3442 619 3496 Halm
630 3447 690 3509 115,
702 3448 776 3511 leqq.
790 3443 1026 3510 προπαραεκευήῖ

92 3513 214 3582 3εοορ11
232 3514 338 3569 Mstller
416 3513 601 3583 ipaenaeC
676 3518 709 3567 10
733 3512 874 3583 cogitatur
894 3514 958 3568 Ome
981 3513 1098 3566 conetur

93 3579 162 3649 Mas,
179 3600 245 3640 corr.
261 3585 294 3640 ‚st
378 3590 411 3638 19
431 3585 455 3638 si
473 3585 600 3638 Niebuhr
680 3590 713 3639 21
733 3583 961 3639 nouissimumO
