2584 3978
187 171 230 236 36
578 169 650 226 PRO
674 169 811 226 FLACCO

331 339 446 398 *tinent
468 340 560 398 fuisse
583 342 720 398 testatur
767 339 826 398 Sed
844 358 880 398 ne
904 341 1051 417 originem
1073 339 1202 398 civitatis

188 429 320 490 eiusdem
347 428 425 488 nude
451 429 679 488 trasouourrisse
701 427 869 488 videamur:
893 429 1111 504 antiquissimis
1135 429 1203 486 haec

188 517 370 594 temporibus
395 518 531 576 Tantalis
554 518 687 576 vocitata
714 519 767 576 est.
814 515 910 586 Quam
937 520 1017 575 tona
1043 518 1112 592 ipsa
1141 535 1203 576 con-

188 609 317 683 sumpsit
343 607 430 665 hiatu
457 607 572 664 scilicet
593 607 791 681 interceptam
808 606 910 682 ibique
937 608 1041 682 postea
1065 605 1205 682 oppidum

188 697 398 769 constitutum,
426 697 474 753 cui
498 694 602 770 Sipylo
626 713 733 754 nomen
759 695 897 754 inditum.
943 695 1107 770 Pleraeque
1132 695 1205 753 aliae
1227 713 1235 750 5

188 787 280 844 maris
303 784 498 844 inundatione
525 784 675 844 demersae
703 787 785 843 sunt:
813 803 940 860 quarum
967 785 1026 843 fuit
1048 783 1206 855 Leucadia,

188 872 379 947 Antirrhion,
411 872 636 948 Hellespontus,
666 873 815 948 Bosphori
842 873 917 947 duo,
944 875 978 931 ut
999 872 1150 948 Pyrrham
1180 875 1207 930 et

188 961 329 1022 Antisam
356 964 435 1021 circa
461 961 595 1021 Maeotin
617 962 758 1037 paludem
784 962 897 1021 Pontus
926 961 1064 1035 abstulit,
1091 966 1130 1021 ut
1151 961 1207 1020 He·

188 1053 277 1111 licem
300 1054 330 1109 et
352 1051 465 1109 Buram
487 1053 570 1109 sinus
594 1049 766 1110 Corinthius
789 1051 952 1110 devorarit.
999 1051 1080 1110 Satis
1110 1054 1208 1111 autem

190 1142 319 1200 oratorie
347 1157 579 1199 commemorans
606 1141 694 1198 istius
723 1141 856 1200 civitatis
880 1140 1103 1200 devotissimam
1132 1142 1238 1198 oiroan
1267 1172 1268 1178 κ

152 1285 155 1292 ,
188 1229 338 1288 Romanos
369 1228 459 1288 fidem
490 1229 600 1287 minuit
631 1247 700 1305 opes
733 1231 796 1289 eius
829 1232 859 1288 et
891 1231 997 1307 exigua
1028 1231 1151 1288 moenia
1181 1231 1208 1286 et

190 1337 317 1393 parvum
348 1337 504 1376 numerum
535 1318 647 1376 civium
678 1318 763 1392 dixit,
795 1317 902 1394 quibus
934 1321 1035 1376 tamen
1062 1320 1207 1377 maximos
1263 1311 1264 1336 ³

190 1409 269 1486 regis
301 1407 486 1466 Mithridatis
518 1407 647 1481 impetus
680 1407 916 1483 propulsaverit,
951 1406 1009 1464 fide
1046 1410 1077 1466 et
1109 1426 1208 1466 amore

191 1496 305 1555 scilicet
327 1514 418 1572 quam
440 1497 551 1555 virium
574 1496 717 1554 facultate
735 1496 892 1556 robustior.
930 1497 971 1555 th
993 1499 1039 1555 est
1061 1496 1208 1571 quaedam
1267 1561 1268 1564 Ἴ

190 1585 346 1646 laudativa
369 1586 517 1644 sententia
542 1628 592 1641 ...
1221 1603 1238 1642 a

172 1706 176 1717 ·
260 1672 327 1732 Sed
359 1674 390 1732 si
425 1691 537 1749 neque
573 1672 682 1732 Asiae
717 1674 879 1732 luxuries
916 1674 1209 1732 infirmissimum

192 1764 330 1837 tempus
355 1763 497 1821 aetatis.

259 1850 355 1910 Mores
391 1852 591 1910 inlustrantur
627 1851 704 1925 eius,
748 1870 836 1927 quem
872 1870 932 1910 non
967 1851 1100 1926 potuerit
1138 1851 1208 1910 Asia

193 1941 371 2000 multiformi
385 1940 539 2016 voluptate
558 1958 754 2014 corrumpere.
787 1939 901 1998 Similis
921 1943 951 1998 et
968 1942 1001 1997 in
1019 1939 1052 1998 L.
1067 1939 1209 2000 Murenae

193 2029 363 2089 defensione
382 2030 530 2088 sententia
545 2030 597 2088 est.
621 2029 741 2102 Verum,
756 2029 835 2105 quod
847 2030 897 2087 hic
911 2030 1007 2106 magis
1022 2030 1208 2089 animadver-
1220 2046 1239 2084 ro

193 2118 316 2176 tendum
333 2119 415 2193 puto,
439 2116 655 2176 consideremus
675 2119 807 2177 omnium
824 2119 931 2176 horum
949 2119 1083 2193 capitum
1100 2120 1208 2178 transi·
1267 2157 1268 2162 η

193 2209 242 2265 tus
266 2208 394 2267 oratorie
417 2207 521 2266 factos.
562 2206 610 2266 Ita
633 2207 713 2264 enim
735 2206 793 2265 sibi
816 2209 1018 2280 conectuntur,
1042 2209 1077 2264 ut
1099 2208 1209 2285 gradus
1262 2245 1268 2278 u

193 2295 339 2354 honorum
375 2313 443 2352 cum
479 2295 608 2370 quadam
643 2295 852 2355 testificatione
889 2297 1025 2374 cognitae
1057 2297 1151 2355 simul
1183 2299 1210 2354 et

262 2470 277 2517 2
305 2463 377 2517 Plin.
396 2463 430 2517 N.
450 2463 484 2518 Η,
503 2464 529 2518 Π
547 2467 613 2518 sect.
634 2468 667 2518 90
676 2481 730 2533 sqq.
812 2465 940 2534 perrupit
967 2481 1045 2518 mare
1070 2465 1211 2530 Leucada,
1267 2519 1268 2534 ,

194 2534 383 2600 Antirrhium,
406 2534 628 2604 Hellespontum,
647 2535 785 2604 Bosporos
805 2535 874 2590 duos
899 2578 949 2590 ...
973 2535 1036 2604 ipsa
1055 2553 1085 2590 se
1103 2539 1211 2591 comest
1267 2545 1268 2548 ’

195 2608 277 2660 terra.
315 2604 465 2660 Devoravit
484 2649 489 2658 .
507 2649 533 2660 ..
554 2605 682 2675 Sipylum
700 2605 730 2659 in
748 2606 895 2676 Magnesia
914 2609 944 2660 et
964 2607 1043 2675 prius
1061 2607 1092 2659 in
1110 2609 1210 2662 eodem

195 2677 257 2732 loco
277 2677 460 2732 clarissimam
477 2677 584 2744 urbem,
604 2693 676 2745 quae
694 2676 821 2732 Tantalis
840 2678 994 2732 vocabatur
1014 2721 1018 2731 .
1036 2721 1065 2732 ..
1093 2677 1211 2746 Pyrrum

196 2751 225 2803 et
242 2749 386 2804 Antissam
405 2748 481 2804 circa
499 2749 634 2804 Maeotim
651 2749 757 2803 Pontus
777 2749 904 2816 abstulit,
922 2749 1040 2804 Helicen
1059 2751 1089 2804 et
1106 2749 1210 2804 Buram

196 2821 274 2874 sinus
293 2818 461 2887 Corinthius,
481 2837 600 2888 quarum
618 2820 647 2872 in
667 2819 725 2875 alto
744 2821 866 2890 vestigia
885 2822 1030 2890 apparent.

264 2896 297 2944 20
325 2889 380 2945 Cio.
400 2909 450 2960 pro
469 2891 539 2944 Mur.
559 2892 584 2944 V
606 2897 637 2944 11
667 2891 784 2945 Obiecta
808 2893 851 2945 est
874 2892 949 2945 enim
966 2891 1048 2956 Λείας
1072 2908 1146 2960 quae
1175 2893 1209 2945 ab

196 2961 249 3016 hoc
267 2980 323 3017 non
338 2963 375 3016 ad
388 2962 562 3031 voluptatem
576 2964 605 3016 et
618 2962 758 3016 luxuriam
772 2963 897 3032 expetita
912 2965 962 3030 est,
984 2963 1033 3016 sed
1047 2963 1078 3015 in
1092 2963 1210 3018 militari

196 3032 293 3088 labore
311 3035 470 3103 peragrata.

265 3191 397 3245 3Tantis
418 3193 491 3261 Ome,
509 3209 576 3247 corr.
594 3193 659 3247 Mai
730 3193 1020 3249 6inundationem0
1090 3210 1210 3261 quarum

198 3262 397 3388 gipronumero)
411 3265 452 3333 Zp
525 3263 772 3319 'lAnthirrioniO
804 3264 921 3334 Pyrram
937 3267 1000 3320 Orno
1072 3265 1210 3320 8Meotin

345 3339 360 3387 9
383 3333 479 3388 Biram
503 3333 567 3390 Octo
656 3340 688 3389 10
712 3335 851 3390 oratoriae
875 3337 899 3391 0
985 3342 1017 3390 12
1041 3336 1144 3404 quibua
1167 3354 1210 3391 mo

198 3405 277 3458 cuius
306 3404 330 3459 0
417 3411 450 3459 14
482 3404 647 3460 facultatem
675 3406 699 3461 0
786 3412 819 3461 15
856 3410 905 3463 luc.
924 3411 944 3462 2
966 3409 1067 3476 cra-l·
1092 3425 1140 3463 aa.
1161 3411 1209 3463 lin.

198 3477 339 3530 =211itt
376 3479 474 3544 γνώμη
490 3479 689 3543 ἐγκωμιαετική
704 3480 846 3549 sumpth
918 3485 950 3531 16
968 3479 1147 3536 luxuriaeaC

200 3551 233 3603 18
261 3547 460 3615 potueruntd
538 3553 571 3601 19
599 3547 713 3602 Morene
743 3549 766 3603 0
853 3555 886 3604 22
915 3549 1053 3604 oratoriae
1077 3551 1101 3605 0
