2584 3978
510 236 525 297 s
545 235 658 284 40-42.
1049 233 1090 298 19

79 397 349 458 accusatoribus
390 398 524 458 delecti
569 397 613 457 ad
658 417 754 476 spem
800 399 1015 460 acerbitatis
1062 405 1093 461 et

77 488 208 544 relicum.

143 575 252 635 Sensus
290 575 409 651 quidem
445 577 558 635 multae
594 575 784 636 obscuritatis
826 579 886 651 est3
923 578 1006 638 cuius
1047 581 1092 637 in·

77 665 213 724 tellectus
236 666 279 723 sic
303 665 464 740 aperietur:
492 664 549 723 Per
572 665 648 723 illud
670 667 796 740 tempus,
821 683 888 724 cum
916 669 992 726 esset
1015 668 1091 728 alius
1149 733 1151 737 ,

52 755 195 830 epraeter
209 752 324 829 Syllam
342 771 420 828 rens,
439 755 491 828 qui
510 771 630 814 causam
649 752 684 811 de
703 755 735 814 vi
748 753 813 830 lege
832 753 953 814 Plautia
972 755 1091 830 diceret,

76 844 156 901 omni
188 841 290 901 labore
312 843 430 902 conisus
454 844 499 901 est
524 842 557 900 L.
582 842 764 917 Torquatus,
796 845 831 900 ut
863 846 932 902 ante
959 845 1092 902 iudicum

74 933 197 990 reiectio
223 931 308 990 fieret
336 931 374 989 ad
401 949 467 990 eam
494 932 708 1009 cognitionem,
737 949 812 1006 quae
836 931 872 990 de
895 932 949 990 illo
974 951 1091 1008 quoque

74 1021 177 1079 futura
201 1022 278 1093 erat,
302 1021 354 1095 qui
376 1019 547 1078 huiusmodi
569 1022 655 1079 reatu
676 1019 843 1095 petebatur,
867 1023 897 1078 et
919 1021 976 1079 hoc
1004 1022 1091 1079 nimi-

73 1129 138 1166 rum
172 1127 208 1168 eo
240 1109 364 1168 consilio
388 1111 419 1167 et
445 1109 610 1168 calliditate
633 1109 771 1183 perfecit,
799 1113 834 1166 ut
860 1109 1032 1169 melioribus
1061 1114 1091 1169 et

39 1217 61 1256 ro
73 1196 248 1257 iustioribus
271 1198 311 1255 ad
332 1197 418 1256 illam
441 1215 562 1257 causam
584 1197 732 1256 iudicibus
760 1197 876 1272 electis,
910 1200 962 1274 qui
990 1217 1090 1274 super·

74 1289 171 1346 essent
204 1287 370 1345 inmitiores
403 1288 433 1344 et
464 1287 563 1362 asperi
593 1285 720 1361 iudices,
757 1287 867 1361 quique
900 1287 937 1345 ab
970 1287 1091 1345 illorum

73 1394 197 1434 numero
220 1375 347 1434 tuissent
364 1375 476 1450 reiecti,
499 1375 535 1434 de
553 1373 586 1432 P.
604 1373 689 1450 Sylla
707 1373 875 1434 indicerent
892 1394 947 1450 pro
966 1379 1091 1434 naturae
1153 1426 1155 1430 ,

74 1483 141 1524 suae
165 1463 309 1522 videlicet
330 1465 492 1539 asperitate
519 1463 597 1522 hunc
620 1464 668 1522 vel
695 1465 884 1522 innocentem
911 1464 1090 1523 damnaturi.

73 1551 115 1611 De
145 1571 202 1612 reo
233 1554 367 1611 metuens
400 1554 502 1611 orator
530 1553 562 1610 in
594 1553 739 1611 orationis
767 1553 848 1610 exitu
876 1555 1034 1628 praecavet
1061 1556 1092 1612 et

38 1641 228 1720 ainvigilat,
260 1643 294 1699 ut
325 1640 486 1716 iudicibus,
519 1659 645 1716 quorum
673 1642 866 1716 asperitatem
893 1643 1013 1715 metuit,
1046 1643 1091 1699 in·

73 1732 166 1789 cubat
206 1729 427 1805 verecundiam,
468 1731 643 1805 priusquam
681 1729 720 1787 ad
755 1729 891 1788 ferendas
929 1731 1091 1789 sententias

72 1823 147 1894 eant,
181 1821 219 1876 ut
249 1820 413 1877 metuentes
445 1819 592 1878 invidiam
623 1819 734 1877 nimiae
766 1816 907 1892 duritiae,
946 1820 972 1876 si
1007 1838 1092 1877 reum

72 1927 184 1982 poenae
224 1906 403 1982 addixerint,
435 1907 497 1965 iam
527 1925 582 1983 pro
615 1907 668 1965 illo
701 1907 810 1966 sentire
842 1909 995 1984 cogantur.
1051 1907 1091 1966 Et

71 2015 106 2055 ne
128 1998 188 2056 hoc
212 1996 277 2072 ipso
300 1998 402 2054 tamen
425 1997 539 2054 animos
563 2014 665 2054 eorum
687 1994 832 2069 laederet,
860 1996 1092 2055 communicavit

38 2085 226 2144 acfortunam
248 2085 391 2159 temporis
414 2085 461 2158 sui
484 2086 514 2142 et
537 2085 717 2158 consulatus,
742 2085 775 2142 in
799 2101 856 2158 quo
881 2084 998 2159 etipse
1022 2101 1091 2142 con·

72 2175 208 2234 manerat
232 2174 317 2248 quasi
339 2173 428 2231 nimis
453 2173 575 2231 acerbae
599 2173 766 2232 severitatis
790 2172 936 2230 invidiam
959 2172 1090 2246 dicitque

71 2263 101 2319 in
124 2280 284 2322 commune
302 2261 439 2320 omnibus
457 2261 678 2335 consulendum,
696 2263 730 2319 ut
749 2261 938 2320 severitatem
956 2261 1091 2334 nimiam,

73 2369 161 2425 quam
185 2351 331 2426 temporis
354 2351 530 2410 necessitate
554 2351 758 2426 susceperunt,
780 2350 931 2426 praesenti
953 2350 1091 2408 humani-

74 2442 136 2499 tate
159 2438 328 2498 mitificent.

39 2598 61 2636 s
394 2575 493 2659 <rao
517 2575 623 2641 suu
647 2575 770 2658 exer.)

396 2683 465 2748 rac.
487 2681 523 2748 ιΝ
549 2683 581 2747 Ρ.
600 2679 775 2749 creueru-

138 2857 167 2868 ..
190 2856 196 2868 .
220 2813 294 2887 aput
322 2809 448 2870 Graecos
555 2812 749 2869 nominantur
781 2809 965 2867 continentia
996 2809 1090 2866 ferme

72 2898 174 2959 laudes
208 2902 239 2958 et
268 2901 511 2975 vituperationes.
561 2900 631 2957 Non
662 2900 742 2957 enim
773 2899 818 2956 rei
848 2897 1040 2972 postulantur
1072 2915 1089 2954 a

73 2987 172 3047 Tullio
191 2989 241 3047 vel
260 2985 290 3046 O.
306 2986 395 3047 Ourio
418 2989 467 3046 vel
489 2987 522 3046 P.
538 2986 667 3062 Clodius,
691 2987 743 3046 sed
762 2987 903 3062 quoniam
923 2985 1090 3044 habuerant

38 3091 61 3132 so
73 3078 103 3132 in
121 3079 229 3136 senatu
245 3076 394 3152 quandam
408 3078 573 3155 iurgiosam
587 3075 827 3150 decertationem,
841 3075 940 3134 visum
954 3072 1091 3133 Ciceroni

73 3167 116 3222 est
146 3166 228 3225 hanc
259 3167 424 3226 orationem
456 3165 639 3225 conscribere
675 3165 795 3240 plenam
832 3165 895 3223 sine
932 3163 1022 3222 dubio
1060 3167 1090 3222 et

139 3315 305 3372 rameses
348 3321 381 3370 14
392 3297 647 3382 praecaecatis
694 3321 726 3368 21
738 3315 839 3382 queso
866 3314 1044 3382 uerequaec

75 3391 105 3439 26
134 3387 215 3442 Haec
232 3393 271 3442 est
288 3387 450 3458 subscriptio
468 3388 500 3442 ia
520 3387 556 3453 0,·
579 3391 712 3456 utsupra
726 3386 850 3457 popinas
868 3386 1055 3441 caementarii

76 3457 104 3508 ΙΝ
118 3458 151 3511 Ρ·
162 3457 305 3513 ΕἱΟδΙῑΙΜ
320 3458 366 3513 ΕΤ
382 3458 555 3514 ΟΙΙΒΙΟΝΕΜ
588 3459 686 3529 lepitwr
747 3461 780 3512 27
796 3457 874 3512 loc3
888 3457 936 3512 lia.
947 3483 981 3502 =
992 3461 1027 3510 48
1037 3456 1088 3510 litt.

74 3525 130 3584 latr.
178 3529 228 3584 loc.
247 3528 300 3600 2¹l,
321 3546 369 3585 cm.
385 3531 418 3599 -l-
438 3547 485 3585 wa.
505 3529 553 3584 lia.
569 3555 603 3575 =
621 3533 659 3584 20
677 3529 728 3584 litt.
784 3527 967 3601 <huiusmodi
985 3541 1089 3597 genera

75 3599 253 3672 orationum>
273 3603 342 3670 aput
362 3599 481 3655 Graecos
500 3600 692 3672 (ἐπαινοῦντα
711 3603 756 3654 καὶ
774 3598 921 3671 ψέγοντα)
939 3613 982 3651 mo

916 3685 929 3712 1

899 3691 914 3737 2
