2584 3978
473 211 583 282 Fragm.
604 218 717 267 15-22.
1057 213 1100 278 25

80 379 225 439 Removit
248 398 318 459 ergo
341 379 548 456 inpudentiam
570 380 812 456 reprehendentis
836 400 856 440 a
877 381 1009 442 moribus
1033 383 1103 457 suis,

81 488 121 528 ne
143 469 193 528 vel
216 468 359 545 superbus
382 468 430 529 vel
452 470 579 528 nimium
602 470 747 528 delicatus
770 469 924 529 habeatnr.

150 557 218 617 Per
255 577 357 633 quem
392 557 597 617 hominibus
633 558 832 619 maioribus
864 562 954 618 natu
989 578 1030 618 ne
1066 550 1210 620 ianssm·

82 647 158 706 suis
198 646 340 722 quidem
375 647 537 722 praediis
577 649 678 721 tunc,
719 666 796 706 cum
836 648 968 708 Romae
1008 649 1103 706 nihil

55 736 222 814 sugitur,
244 736 357 794 liceat
380 753 456 796 esso
479 727 759 816 valetudinique
782 738 928 796 servire.

152 822 302 903 Congesta
324 826 354 882 et
377 825 497 900 copiosa
520 824 651 884 defensio
675 829 721 884 est
742 826 775 882 in
798 826 865 901 ipsa
892 827 1106 902 propositione,

80 917 117 972 ut
150 931 255 972 eorum
283 911 415 973 moribus
447 913 524 971 nihil
556 916 693 988 oporteat
725 913 911 990 exprobrari,
943 916 996 991 qui
1025 918 1106 975 certo

80 1006 219 1078 tempore
242 1002 315 1060 anni
337 1001 469 1062 salubres
493 1019 586 1078 aquas
608 1004 726 1078 petant,
750 1004 798 1061 vel
821 1006 893 1078 quia
917 1007 1015 1063 aetate
1037 1022 1106 1080 pro-

81 1093 165 1150 vecti
192 1091 266 1164 sint,
295 1109 370 1165 quae
393 1091 485 1150 ferme
508 1091 649 1151 valetudo
671 1109 779 1167 parum
806 1091 867 1152 fida
888 1096 941 1167 est,
964 1093 1013 1152 vel
1036 1094 1107 1168 quia

43 1202 67 1241 no
80 1181 114 1238 in
136 1181 200 1240 suis
221 1179 352 1256 praediis
376 1179 574 1254 demorentur,
598 1179 678 1256 quod
696 1184 741 1239 est
759 1181 913 1259 legitimae
932 1183 1106 1257 honestatis,

81 1269 133 1329 vel
158 1269 231 1343 quia
254 1286 289 1328 eo
311 1271 454 1344 tempore,
483 1287 541 1344 quo
565 1270 626 1328 sint
648 1269 761 1329 Itomae
785 1272 887 1330 omnia
911 1271 1107 1346 quietissima,

80 1377 119 1416 ne
147 1358 215 1432 qun
238 1357 295 1416 hoc
318 1357 357 1416 ad
379 1357 554 1436 fugiendum
576 1357 709 1417 laborem
733 1359 869 1417 civilium
891 1377 991 1418 rerum
1009 1359 1107 1418 facere

81 1445 239 1518 videatur,
270 1447 319 1505 vel
343 1447 423 1521 quod
449 1448 490 1506 sit
517 1447 687 1506 omnimodo
715 1447 882 1506 valetudini
910 1447 1107 1522 serviendum,

83 1553 163 1611 quae
187 1553 249 1594 non
271 1535 370 1594 minus
392 1536 466 1610 ipsis
495 1534 681 1595 senatoribus
706 1555 796 1612 quam
823 1538 917 1612 reip.
941 1537 1108 1596 necessaria

47 1645 69 1684 rs
82 1627 135 1699 sit,
158 1627 195 1682 ut
217 1623 325 1682 fortius
348 1625 465 1699 possint
488 1623 569 1683 obire
593 1625 703 1697 omnia,
727 1643 803 1700 quae
827 1625 956 1703 gerenda
979 1627 1057 1684 sunt.

153 1712 213 1770 Ita
249 1712 321 1770 fuit
353 1729 492 1788 caecus,
528 1715 568 1772 ut
598 1714 710 1772 facile
743 1717 937 1789 appareret
967 1703 1213 1774 vidisseFram·

84 1821 178 1875 eum,
204 1801 298 1876 quod
319 1801 374 1860 fas
397 1819 467 1860 non
490 1802 630 1862 fuisset.
1144 1773 1195 1826 XX

155 1910 227 1963 ...ς
251 1888 286 1948 de
308 1888 391 1965 Appi
413 1891 493 1948 enim
517 1888 605 1950 Caeci
627 1891 746 1950 familia
769 1909 861 1970 genus
884 1891 1030 1951 trahebat.
1053 1891 1109 1950 ·Et

84 1979 285 2055 praecipitem
307 1979 423 2050 volens¹
441 1978 609 2057 significare
633 1982 723 2055 atque
746 1982 939 2039 temerarium
965 1981 1109 2055 resculpit

49 2088 72 2127 ro
85 2069 248 2126 infamiam
270 2067 353 2126 illius
371 2069 488 2142 incesti,
512 2069 592 2143 quod
610 2068 715 2127 fecisse
733 2070 766 2127 in
784 2072 888 2144 operto
907 2069 1009 2127 Bonae
1027 2069 1109 2127 Deae

85 2155 257 2230 videbatur,
289 2175 347 2231 quo
375 2157 448 2216 viris
480 2157 598 2235 ingredi
629 2176 690 2216 non
718 2158 831 2232 liceret,
864 2159 950 2233 quasi
981 2175 1110 2233 poenam

86 2246 225 2304 criminis
240 2245 288 2303 sui
301 2245 382 2303 luere
396 2247 458 2303 iam
472 2247 604 2320 coeperit
621 2247 699 2304 nihil
716 2246 900 2322 providendo
921 2247 1001 2322 quod
1019 2246 1108 2306 dicat.

155 2333 266 2391 Illum
288 2335 475 2407 patronum
497 2334 670 2393 libidinis
694 2352 786 2394 suae.
1122 2322 1215 2392 ΡΨ·

155 2421 189 2481 G.
215 2419 388 2496 Curionem,
422 2424 474 2497 qui
506 2423 541 2481 de
574 2422 790 2498 proscribtione
823 2422 948 2498 Syllana
983 2423 1109 2482 fundum
1131 2393 1195 2446 XXI

51 2529 74 2570 a
87 2514 204 2570 emerat
227 2512 260 2568 in
284 2508 461 2586 Campania,
485 2513 537 2587 qui
561 2510 591 2570 O.
610 2511 701 2570 Marii
722 2531 818 2589 nuper
840 2514 939 2573 fuerat
962 2516 992 2571 et
1013 2514 1109 2589 ipsius

87 2600 257 2677 Arpinatis.
297 2597 361 2668 Quo
384 2617 415 2659 se
439 2601 573 2676 exemplo
596 2601 740 2660 facillime
760 2599 862 2660 Cicero
885 2603 1028 2679 purgavit
1050 2620 1111 2659 non

88 2708 151 2748 esse
172 2688 206 2747 id
223 2690 257 2746 in
275 2705 306 2747 se
326 2688 609 2765 reprehendendum,
631 2689 708 2765 quod
731 2691 877 2765 municipi
895 2708 948 2750 suo
969 2688 999 2748 Ο.
1013 2689 1109 2748 Mario

89 2777 243 2838 consulari
265 2796 429 2853 numquam
448 2779 540 2837 fuerit
561 2779 682 2837 infame.

155 2866 247 2925 Nam
278 2867 436 2926 rusticos
465 2869 498 2926 ei
525 2885 587 2926 nos
614 2867 734 2926 videri
761 2868 876 2926 minus
909 2865 1109 2926 mirandum
1123 2854 1215 2978 Fxffffi·

54 2960 156 3031 coest,
182 2956 245 3031 qui
267 2957 482 3015 manicatam
505 2957 665 3016 tunicam
688 2959 718 3015 et
739 2957 871 3014 relicum.

156 3044 254 3102 Mixto
285 3045 439 3120 responsio
469 3047 500 3104 et
526 3046 643 3104 facetiis
671 3044 852 3104 urbanitatis
880 3048 910 3103 et
937 3046 1109 3120 asperitatis

91 3134 238 3194 violentia
264 3152 324 3193 non
351 3135 415 3192 sine
549 3134 662 3192 Definit
694 3135 773 3193 enim
804 3135 963 3194 rusticos
994 3136 1024 3192 et
1053 3154 1110 3192 ur·

159 3302 347 3358 adelelmo
399 3302 636 3372 lexprobariOm
691 3308 724 3357 13
739 3302 894 3359 omninoSt
952 3309 986 3358 18
1001 3303 1109 3359 lanan.

93 3375 301 3444 lin.†2cm.=
313 3380 348 3430 19
356 3375 406 3428 litt.
417 3375 568 3442 ἀμφιβολία
578 3375 626 3429 ἀπ’
635 3377 791 3441 ὀνόματοεῖ
844 3380 877 3428 27
887 3374 1111 3443 repraehenden-

94 3446 159 3500 dnm
171 3447 237 3501 Ome
305 3450 338 3498 29
358 3444 438 3500 seiO
502 3445 696 3501 ³1facetis0
756 3451 789 3500 32
803 3445 987 3500 uidcolenitie
1003 3444 1110 3500 Oviru·

94 3516 182 3571 lentia
199 3532 257 3582 mo,
275 3533 343 3572 corr.
359 3518 400 3586 Zp
445 3517 495 3572 loc.
510 3533 557 3571 aa.
573 3516 621 3578 zia.
633 3519 666 3586 -Ι-
682 3516 732 3588 1¹l,
749 3535 797 3572 cm.
808 3543 841 3562 =
858 3521 893 3572 19
907 3517 957 3572 litt.
978 3516 1110 3583 correptae

95 3589 155 3644 καθ’
173 3591 305 3656 ὁριεμόνῖ
324 3592 467 3657 χλευαεμῷ
485 3588 574 3656 suppl.
590 3602 633 3643 mc
652 3592 806 3656 xheuocpod
826 3589 943 3654 (χήματι
965 3586 1053 3655 suppl.
1069 3586 1111 3654 Zp
