2554 3978
176 241 240 306 106
573 241 645 296 PRO
669 241 791 296 SESTIO

240 410 341 470 Solet
363 412 456 470 enim
480 411 647 471 tribunos
670 411 715 487 pl.

238 499 394 574 Vatinius,
422 519 490 560 cum
516 517 585 559 rcus
612 500 649 559 de
671 500 787 559 ambitu
809 499 907 574 fieret,
940 500 1105 576 appellavit
1127 499 1177 557 ccl·

172 590 284 668 legium
313 589 502 648 tribunorum
534 591 565 648 et
595 589 724 647 maxime
756 588 789 647 P.
813 587 965 663 Clodium,
1001 607 1060 664 quo
1096 587 1177 646 inter·

172 678 293 737 cedente
316 678 453 738 effectum
479 679 537 752 est,
569 679 604 736 ut
629 678 793 751 accusatio,
820 693 897 754 quae
920 679 1057 753 suscepta
1080 677 1178 748 dierat,

171 787 231 826 non
254 769 354 843 posset
375 767 503 843 impleri.
1199 782 1207 822 ι

240 853 434 915 Caeciliam
479 855 634 930 Didiam,
685 855 863 915 Liciniam
914 854 1056 914 Iuniam
1106 871 1178 913 cou-

171 945 303 1004 temsit.

237 1033 295 1092 Per
330 1034 403 1092 baec
435 1035 535 1092 omnia
562 1033 719 1092 Vatinium
755 1032 922 1109 proscindit
956 1034 1058 1112 legum
1093 1051 1178 1109 paene

171 1125 304 1182 omnium
327 1125 547 1182 contemtorem.
590 1121 720 1180 Caecilia
743 1125 788 1181 est
811 1124 911 1181 autem
934 1124 965 1180 et
987 1122 1088 1196 Didia,
1112 1139 1179 1197 quae

171 1210 314 1270 iubebant
344 1213 376 1270 in
412 1211 637 1289 promulgandis
673 1211 790 1289 legibus
825 1211 1034 1270 trinundinum
1069 1213 1210 1286 tempusa

171 1299 335 1375 observari3
371 1299 488 1358 Licinia
523 1319 594 1359 vero
631 1302 662 1359 et
695 1299 782 1359 Iunia
814 1300 983 1360 consulibus
1016 1299 1180 1359 auctoribus

170 1388 287 1448 Licinio
309 1389 434 1448 Murena
457 1391 487 1447 ot
509 1387 596 1448 Iunio
620 1388 724 1447 Silano
747 1389 865 1465 perlata
887 1389 964 1448 illud
986 1388 1124 1463 cavebat,
1148 1405 1179 1445 ne

170 1475 257 1537 *clac
280 1479 395 1536 aerario
418 1479 515 1556 legem
533 1478 607 1536 feni
624 1478 737 1552 liceret,
760 1479 903 1554 quoniam
921 1479 1001 1556 leges
1019 1479 1052 1536 in
1071 1478 1179 1536 aerario

171 1566 381 1626 condebantur.

238 1655 322 1714 (lum
343 1655 429 1714 haec
451 1655 508 1713 lex
531 1656 566 1712 et
589 1654 631 1713 ab
658 1655 725 1714 illo
749 1673 871 1715 socero
899 1657 975 1715 eius
999 1657 1034 1714 et
1057 1655 1100 1714 ab
1122 1655 1211 1712 hoco

171 1744 341 1803 adsecula
364 1744 587 1822 neglegatur.

236 1832 346 1911 Legem
373 1832 483 1892 Iuliam
510 1832 597 1901 dicit,
631 1851 721 1908 quam
749 1834 851 1892 consul
881 1831 911 1891 0.
936 1832 1046 1893 Caesar
1073 1833 1110 1892 de
1137 1851 1181 1908 pe·

170 1924 264 1982 cuniis
287 1923 459 1998 repetundis
482 1923 608 1996 tulerat,
631 1923 714 1981 cuius
738 1923 950 1982 auctoritatem
973 1941 992 1981 a
1013 1921 1047 1982 P.
1061 1920 1181 1981 Vatinio
1256 1953 1257 1956 =

169 2011 243 2071 dicit
266 2030 328 2071 esse
355 2013 537 2071 contemtum
565 2014 596 2071 et
623 2011 660 2069 ab
683 2011 716 2069 L.
739 2010 854 2070 Pisone.
899 2011 1079 2072 Adsecula
1107 2012 1181 2070 enim

169 2102 233 2176 ipse
252 2100 403 2173 Vatinius,
426 2118 527 2161 socer
549 2118 618 2160 vero
641 2100 711 2159 Piso
733 2100 783 2160 hic
805 2100 1023 2179 intellegendus
1047 2102 1102 2161 cst
1193 2115 1212 2154 ιι

235 2189 313 2248 Non
337 2208 376 2247 ea
400 2192 453 2248 ost
473 2190 665 2264 medicina,
685 2208 761 2247 cum
779 2207 886 2249 sanae
905 2191 1003 2266 parti
1022 2188 1182 2266 corporis

169 2278 382 2353 scalpellum
405 2278 605 2337 adhibetur.

236 2365 280 2424 De
289 2367 388 2426 verbis
397 2366 578 2427 notabilibus
587 2367 764 2440 scalpellum.
779 2367 892 2425 Verum
900 2367 957 2427 hoc
966 2370 1012 2426 est
1022 2363 1183 2441 ἐνθύμημα

169 2449 234 2514 ἀπὸ
253 2455 311 2515 τοῦ
331 2450 444 2529 ὁμοίου
463 2452 545 2514 κατὰ
567 2450 707 2530 ὁριιμόν,
731 2455 803 2532 quid
822 2457 862 2514 sit
879 2455 1041 2515 medicinar
1065 2475 1125 2515 non
1142 2457 1182 2527 ut

169 2563 245 2620 quae
264 2563 337 2604 sana
356 2547 435 2618 sunt,
453 2544 654 2618 volnerentur,
673 2545 725 2604 scd
742 2547 785 2619 ut,
804 2563 880 2620 quae
898 2546 1015 2620 vexata
1034 2547 1182 2604 sanentur.
1194 2557 1215 2599 ιι

235 2739 314 2802 tsqq.
333 2731 416 2787 Oic'
407 2749 438 2785 ιιι
452 2730 515 2785 Vct.
530 2731 596 2784 XIV
614 2737 691 2785 33.
703 2731 918 2801 appellarisne
935 2732 1064 2786 tribunos
1083 2732 1131 2802 pl,
1148 2745 1181 2784 ne

169 2820 283 2858 causam
298 2803 448 2858 diceres..
460 2802 688 2872 .appellarisne
701 2775 917 2860 nominatim..
933 2802 1111 2859 ,Οιοᾶιίιιι
1130 2801 1182 2867 Ωιι

167 2877 347 3016 ιιιι
538 2890 668 2999 ιι
732 2873 1181 3014 ..W

168 3033 197 3071 se
216 3017 363 3156 nbililblalt
373 3017 430 3155 lg?
440 3015 586 3142 lgracbuit.

269 3107 284 3144 c

236 3267 375 3320 arcosC
444 3271 460 3318 4
479 3265 658 3319 accusatione
678 3267 701 3320 0
771 3271 787 3318 9
811 3265 906 3320 Caelia
925 3267 967 3319 eat
986 3266 1010 3321 0
1030 3265 1180 3320 Caeciliam

167 3352 220 3401 mc,
238 3353 306 3389 corr.
321 3336 408 3389 Halm
480 3334 595 3390 Didiam
614 3338 687 3403 Ome,
705 3353 774 3391 corr.
789 3338 877 3392 Heba
955 3342 987 3390 10
1006 3337 1183 3392 iuuabuntt'

168 3404 348 3470 iubebantur,
357 3421 448 3459 corno
513 3411 545 3459 13
556 3406 629 3460 clam
638 3424 681 3462 mo
691 3407 785 3462 clauso
792 3408 876 3463 Klots
886 3406 1014 3462 clanculo
1024 3409 1133 3465 Kranae

168 3475 266 3528 inferri
284 3445 372 3529 Halm
449 3480 481 3527 15
500 3479 616 3545 optuma
633 3477 680 3531 lex
697 3479 774 3534 codd.
785 3480 839 3535 cie.
924 3485 956 3534 16
977 3485 1010 3533 19
1033 3478 1181 3534 adsaconla

169 3547 193 3600 0
267 3551 301 3599 20
323 3494 584 3614 intellegendumO
603 3548 803 3618 intelligendus
826 3568 869 3606 mo
948 3556 981 3605 21
1005 3553 1115 3608 sanet*

169 3620 203 3668 23
228 3615 370 3670 ΝΟΒΙΙΙΒ·
391 3617 468 3680 emo,
486 3633 555 3671 corr.
569 3617 602 3672 St
