2584 3978
400 227 471 282 PRO
495 225 633 282 FLACCO
658 233 672 294 5
693 233 770 282 2-3.

337 426 514 510 <ruerem
542 429 619 491 seo
647 427 833 510 unacco>

195 551 488 634 <subscri>bentibus
507 555 540 614 L.
551 556 646 615 Balbo
667 559 697 615 et
712 556 840 633 Apuleio
855 557 997 630 Deciano,
1015 576 1090 632 quos
1109 563 1125 625 ξ
1145 565 1173 614 2.

80 647 140 705 vult
162 646 375 706 obtrectatores
407 646 544 724 intellegi
574 645 692 706 invidos
720 646 835 724 gloriae
864 647 951 706 huius
974 645 1091 706 Valerii

80 735 174 794 blacoi
196 737 351 812 magisque
374 736 526 811 cupientes
549 734 700 794 destruere
718 737 862 794 virtutem
881 753 972 810 quem
994 736 1091 796 ullum

57 825 184 883 corimen
207 824 374 899 ostendere,
401 843 528 899 quorum
550 842 692 900 personas
716 825 821 884 onerat
846 824 975 899 invidia,
1003 826 1090 900 quasi

79 913 148 971 nihil
171 913 255 972 aliud
277 913 427 972 adfectent
449 931 541 988 quam
563 915 800 973 coniurationem
822 914 908 972 illam
932 911 1089 988 Catilinae,

79 1021 149 1076 quae
172 1003 228 1061 hoc
252 1001 388 1061 adiutore
411 1020 552 1078 oppressa
575 1004 624 1076 sit,
646 1001 806 1062 vindicare.

139 1091 176 1150 Si
220 1109 386 1167 umquam
431 1109 485 1150 res
531 1112 560 1167 p.
602 1091 808 1165 consilium,
854 1092 1168 1169 gravitatem,§3.
1232 1133 1234 1138 ,

77 1183 291 1256 sapientiam
331 1180 490 1239 iudicum
530 1180 757 1255 imploravit,
798 1181 876 1255 boc,
917 1181 994 1255 hoc,
1035 1183 1089 1240 in-

48 1287 187 1344 aquam,
210 1272 372 1344 tempore
394 1269 568 1345 inploret.

212 1357 411 1418 Vehementer
442 1359 671 1436 congeminavit,
703 1360 738 1416 ut
769 1358 945 1417 attentiores
973 1359 1088 1418 animos

76 1447 201 1506 iudicum
229 1447 353 1521 faceret,
382 1465 440 1522 quo
468 1448 564 1525 magis
586 1448 742 1506 universae
765 1448 810 1506 rei
836 1467 864 1521 p.
888 1447 1087 1522 providerent,

75 1554 107 1593 ne
131 1535 207 1595 bene
231 1538 345 1596 meritis
373 1535 487 1596 civibus
510 1537 606 1595 virtus
634 1553 688 1594 sua
716 1554 776 1594 non
804 1536 934 1613 gratiam
961 1539 1088 1612 praemii

75 1625 120 1682 sed
137 1626 297 1684 materiam
314 1626 441 1702 periculi
459 1627 654 1700 compararet.
691 1625 747 1684 Est
765 1643 834 1702 ergo
860 1669 909 1682 ...
933 1625 1089 1702 invigilari

44 1729 64 1768 rs
75 1717 218 1789 oportere,
244 1733 280 1772 no
303 1732 418 1787 omnes,
446 1714 623 1789 quicumque
646 1715 690 1771 rei
713 1735 740 1790 p.
764 1713 954 1789 profuerunt,
982 1715 1086 1774 simili-

74 1801 122 1861 bus
149 1805 318 1863 calumniae
345 1803 485 1879 periculis
516 1804 699 1878 optarantur.
749 1802 815 1861 Iam
842 1803 922 1860 enim
950 1806 1087 1879 coeperat

74 1892 234 1952 invidiosus
280 1892 452 1951 consulatus
498 1909 562 1952 esse
603 1889 752 1950 Ciceronis
793 1909 881 1969 aegre
923 1891 1085 1952 ferentibus

75 1981 217 2057 plerisque
247 1980 326 2056 quod
356 1980 543 2040 indemnatos
576 1981 654 2039 cives
682 1980 716 2037 R.
740 1981 875 2040 iussisset
905 1980 938 2038 in
970 1998 1086 2040 carcere

75 2069 260 2149 strangulari.

43 2172 65 2212 2⁰
133 2160 212 2220 Non
236 2160 326 2218 estis
354 2158 393 2218 do
416 2158 594 2234 Lydorum
622 2159 684 2217 aut
706 2157 886 2233 Mysorum
913 2160 976 2216 aut
998 2158 1086 2236 Fry-

75 2267 159 2323 gum,
202 2249 266 2324 qui
305 2248 371 2306 buo
408 2248 572 2323 corrupti
615 2247 864 2322 concitatique
896 2250 1085 2322 venerunt,

75 2339 121 2396 set
142 2337 182 2397 de
206 2338 331 2396 vestra
353 2356 389 2395 re
413 2357 441 2412 p.
464 2336 675 2395 iudicaturi.

132 2425 216 2485 Haeo
249 2427 349 2484 omnia
381 2427 529 2502 congessit
565 2443 599 2485 eo
632 2423 744 2498 studio,
782 2442 839 2500 quo
873 2425 903 2484 et
933 2425 1002 2484 illos
1035 2425 1083 2484 de-

74 2515 207 2589 strueret,
241 2516 293 2589 qui
316 2514 495 2574 accusabant
516 2513 669 2588 Flaccum,
699 2515 730 2572 et
757 2532 874 2573 omnem
897 2513 1085 2591 diligentiam

44 2615 64 2656 a
74 2602 197 2662 iudicum
221 2603 261 2662 ad
283 2603 447 2662 utilitatem
469 2604 513 2661 rei
535 2624 564 2679 p.
583 2602 722 2662 flecteret.
759 2602 838 2661 Nam
861 2620 919 2677 quo
937 2604 1033 2680 magis
1052 2605 1084 2660 in

74 2691 189 2766 planum
222 2691 449 2766 deducerentur,
482 2693 534 2767 qui
561 2691 754 2766 accusabant,
786 2709 845 2750 non
877 2691 953 2749 dixit
979 2689 1084 2750 Asiam

74 2782 261 2856 provinciam,
280 2780 332 2840 sed
345 2780 462 2841 diduxit
474 2782 507 2838 in
521 2782 632 2856 species
652 2781 808 2839 nationum
826 2779 1030 2853 barbararum,
1049 2782 1084 2837 ut

75 2866 163 2942 Lydos
187 2873 219 2930 et
237 2869 337 2946 Mysos
361 2872 391 2928 et
408 2869 523 2947 Fryges
546 2869 670 2928 diceret:
694 2872 724 2927 et
741 2867 887 2927 vocabula
907 2869 973 2942 ipsa
992 2886 1083 2943 quen-

75 2955 136 3018 dam
156 2961 303 3035 impetum
321 2958 477 3018 barbariae
494 2959 663 3018 ferocientis
688 2958 848 3017 ostentant.
884 2956 946 3014 Nec
968 2956 1084 3016 suffecit

44 3043 123 3105 ahoe
148 3049 237 3108 modo
265 3049 475 3107 auctoritatem
507 3048 715 3122 destruerisse3
747 3046 856 3108 adiecit
888 3046 980 3104 etiam
1006 3046 1083 3104 illud

135 3187 149 3234 2
176 3181 332 3252 ΙΙΒΕΝΤΙΒ·
359 3183 449 3250 euppl.
472 3197 516 3236 mo
624 3186 639 3234 6
667 3179 875 3234 adiurationem
903 3179 983 3245 emo,
1011 3195 1080 3236 corr.

78 3250 135 3304 Mai
219 3258 235 3306 9
262 3259 323 3322 post
345 3251 514 3321 sapientiam
536 3252 601 3306 add.
620 3251 828 3320 providentiam
850 3251 926 3306 codd.
947 3251 1002 3306 oie.

77 3325 104 3372 11
122 3323 170 3378 lar.
185 3325 274 3393 4-}-3
288 3341 336 3378 cm.
347 3350 381 3369 =
396 3329 431 3379 16
446 3325 496 3379 litt.
516 3325 713 3390 cuvobpotcudc
730 3325 771 3378 oet
789 3322 972 3378 ἀναδίπλωειε
990 3323 1081 3392 suppl.

76 3391 112 3461 Zq
128 3397 198 3449 κατὰ
216 3397 432 3462 (υναθροιεμόνῗ
522 3399 555 3448 12
574 3395 709 3449 facereO
781 3399 813 3446 13
836 3392 969 3462 praemii·
991 3393 1013 3448 0

78 3467 106 3514 14
123 3465 170 3520 lac.
189 3470 209 3520 2
227 3467 275 3521 lia.
289 3491 324 3512 =
338 3470 375 3520 36
394 3467 444 3522 titt.
463 3469 609 3534 προτροπὴ
628 3468 768 3533 παθητικὴ
788 3465 826 3519 εἰ(
845 3467 973 3520 δικαετὰ(
991 3465 1084 3534 suppl.

77 3532 112 3602 Zq
172 3541 205 3590 16
233 3538 427 3606 operenturO
496 3543 529 3591 1'1
549 3537 695 3606 aegraoG
764 3541 798 3590 20
818 3536 1010 3592 MYRSORll·

77 3608 105 3656 ll
124 3608 257 3677 compulsi
276 3609 351 3664 codd.
368 3609 422 3664 Oic.
496 3614 529 3663 al
549 3607 701 3662 barbarum
721 3607 745 3662 O

126 3703 217 3746 Scholia
229 3707 353 3750 Bobiensia
368 3707 403 3748 cd.
417 3707 580 3748 Hildebrandt.
904 3699 920 3746 3
