2554 3978
159 187 204 252 50
557 187 629 242 PRO
648 187 785 242 FLACCO

62 363 139 423 548.
225 356 337 416 Homo
370 355 632 416 audacissimus
664 355 868 432 pertimuit,
900 356 1177 433 loquacissimus

161 446 360 510 ommutuit

166 533 419 594 Vehementer
426 533 852 610 expressrtvrmoonscrentrae
857 551 925 594 cum
932 536 963 593 et
968 534 1178 610 loquacrsumo

160 622 252 683 verba
261 623 411 682 defuerunt
420 625 451 681 et
459 622 925 700 mpudenuamhuaudacsnmo
933 623 1126 698 patrocmata
1135 625 1178 684 sit.

64 719 140 778 649.
226 711 267 770 In
290 710 437 788 duplum
459 710 538 772 irat.
1200 729 1209 769 s

227 800 321 877 Dupli
343 801 533 876 sponsionem
556 802 676 860 faceret

65 897 80 956 ξ
100 896 141 944 51.
229 888 296 958 Qui
318 891 404 948 tunc
421 891 456 948 te
474 889 589 952 nudus
608 889 872 965 delectaverat,
895 908 1034 967 semper
1050 890 1181 950 nudum

160 997 237 1038 esse
259 979 423 1038 voluisti.

226 1067 399 1142 Aspenime
421 1067 478 1126 hoo
499 1068 533 1126 in
554 1084 651 1126 mores
674 1067 808 1142 Deciani,
833 1069 868 1128 ut
890 1067 1051 1128 avaritiam
1074 1067 1180 1144 probro

160 1156 207 1215 illi
230 1157 315 1216 daret
337 1159 369 1217 et
390 1155 614 1232 inpudicitiam,
642 1157 752 1233 quippe
775 1156 850 1216 dicit
872 1156 998 1216 eundem
1020 1155 1181 1232 Lysaniam
1192 1174 1213 1214 ro

162 1245 279 1304 efebum
301 1246 450 1321 placuisse
468 1245 600 1304 Deciano
622 1248 745 1321 propter
763 1247 893 1324 gratiam
915 1246 1047 1322 corporis
1070 1245 1181 1306 nudum

162 1334 345 1410 eundemque
367 1337 472 1410 postea
500 1333 636 1394 omnibus
663 1334 792 1395 fortunis
820 1335 996 1410 spoliatum3
1023 1337 1181 1410 utu-umque

163 1424 256 1502 igitur
280 1425 412 1500 aspergit
433 1422 567 1482 infamia.

228 1513 315 1571 llum
343 1530 403 1588 spe
430 1511 670 1588 recuperandi
695 1510 799 1570 fundi
825 1513 971 1588 paterni
993 1511 1117 1572 venire
1140 1511 1180 1570 ad

162 1601 411 1662 testimonium
434 1599 621 1661 dicendum
647 1599 812 1677 coegisti.
1192 1618 1214 1658 rs

229 1689 436 1748 Artificialiter
467 1692 498 1748 et
529 1689 708 1766 dignitatem
740 1688 874 1765 personis
904 1688 1028 1750 testimn
1061 1689 1180 1768 derogat

163 1781 193 1836 et
224 1778 333 1838 falsum
365 1777 482 1838 dicendi
509 1795 613 1838 causas
639 1778 817 1853 interponit,
848 1781 884 1838 ut
914 1778 990 1838 nihil
1022 1779 1055 1836 in
1087 1781 1180 1838 totum

162 1867 321 1946 religiosae
343 1866 414 1926 fidei
435 1867 630 1943 relinquatur.
1145 1921 1150 1936 ,

230 1955 404 2024 Quidnam
428 1956 477 2016 sit
498 1956 677 2030 dicturus,
700 1959 880 2033 exspecto.
1261 1959 1262 2008 l

314 2044 509 2104 Praevenitur
533 2044 570 2103 ab
593 2046 710 2104 oratore
733 2046 890 2104 imminens
912 2046 1128 2119 testimonium,
1148 2047 1214 2104 uta

164 2137 218 2194 aut
241 2134 316 2194 nihil
347 2134 449 2194 ceneri
471 2133 510 2194 ad
532 2133 735 2194 mentiendum
763 2134 893 2194 audeant
916 2136 982 2208 ant,
1009 2134 1181 2210 priusquam
1260 2159 1262 2182 ι

164 2223 301 2296 dixerint,
318 2223 502 2281 refellantur.
536 2221 697 2298 Suspendit
714 2225 816 2282 tamen
834 2226 864 2284 et
877 2222 941 2299 ipse
953 2222 1182 2298 responsionem,

164 2331 201 2370 ne
225 2310 386 2374 absurdum
409 2311 521 2371 faceret
543 2312 691 2386 copiosius
715 2311 898 2386 exsequendo
921 2329 987 2370 eam
1007 2331 1086 2386 rem,
1109 2330 1181 2388 quae

164 2419 225 2460 non
248 2401 314 2458 erat
335 2400 373 2459 ab
396 2402 472 2460 teste
494 2400 621 2476 prolata.

69 2493 145 2554 552.
233 2487 440 2548 Trallianos
472 2506 614 2548 eausam
650 2487 831 2564 publicam
862 2488 1089 2563 Maeandrio,
1125 2489 1218 2548 hou

165 2578 253 2637 mini
277 2577 436 2652 sordido,
459 2577 688 2638 commisisse.

234 2662 422 2741 Ὑπέκβαειε
452 2665 488 2724 fit
515 2665 553 2724 ad
581 2665 771 2727 refutandum
800 2665 952 2742 publicum
983 2666 1185 2727 testimonium

167 2756 394 2816 Trallianorum.
440 2753 481 2813 Et
503 2753 577 2813 bene
599 2754 756 2830 praemisit
779 2758 879 2814 orator
901 2754 1009 2814 habere
1035 2755 1185 2830 quandam

166 2863 197 2904 se
220 2848 251 2904 et
273 2846 398 2916 irptrem
420 2861 506 2904 suum
525 2861 592 2902 cum
611 2843 713 2903 eodem
733 2843 845 2920 populo
863 2843 1121 2920 necessitudinem,
1141 2846 1185 2918 nt,

167 2932 312 3010 quidquid
344 2933 484 2993 adversus
517 2949 567 2991 eos
600 2932 721 3007 dmerit,
757 2934 934 2992 necessitate
964 2932 1035 2991 fidei
1066 2936 1186 2993 coactus
1199 2949 1222 2988 so

167 3021 275 3081 dixisse
305 3022 450 3082 videatur.
499 3019 678 3081 Acutissime
709 3025 864 3097 praeterea
895 3021 990 3081 omnis
1022 3022 1186 3082 auctoritas

166 3109 295 3226 publica,
319 3129 396 3186 quae
418 3110 519 3169 adesse
543 3111 663 3187 poterat
680 3110 807 3186 civitati,
829 3109 986 3170 deducitur
1002 3111 1035 3168 in
1053 3111 1187 3186 planum,

237 3283 249 3328 1
275 3277 496 3344 pertimueritG
567 3283 659 3346 'iqua
677 3280 718 3333 cel
736 3279 870 3346 quoniam
888 3279 964 3334 codd
977 3281 1031 3336 Cic
1077 3281 1192 3336 tuncO

169 3347 550 3406 tumFernmreltcoddOic.
610 3349 717 3404 1esio
775 3349 1189 3419 selech-peonnam.

170 3418 310 3480 optinuit
323 3416 412 3483 suppl
422 3417 464 3484 Zp
477 3421 711 3484 upoecodutucac?
779 3425 813 3473 25
828 3419 962 3474 Meandrc
978 3421 1002 3476 0
1044 3423 1170 3476 lemmo'
1156 3439 1191 3476 aa

169 3484 246 3540 codd.
263 3486 317 3538 Cic.
332 3487 371 3538 sic
390 3487 501 3553 lepiuer:
520 3485 676 3541 Trallianos
690 3489 854 3544 Maeandrio
873 3507 987 3548 cansam
1005 3493 1190 3560 commisisse,

170 3554 278 3606 homini
297 3555 404 3622 egenti,
424 3554 537 3608 sordido
555 3572 610 3624 sqq
