2554 3978
174 210 217 278 62
568 213 640 269 PRO
663 213 802 269 MILONE

173 383 332 442 securitate
364 381 545 441 conscribsit.
592 382 649 442 Sed
682 385 774 458 onim,
806 401 874 442 cum
905 385 983 443 ratio
1015 383 1179 442 defmdcnis

172 471 261 530 buius
289 469 484 545 ordinaretur,
516 490 646 548 quonam
672 472 760 532 modo
787 474 818 532 et
844 472 1005 532 secundum
1032 491 1117 548 quem
1135 489 1180 548 po-

173 561 321 620 tissimum
352 561 465 618 statum
496 561 547 638 agi
582 579 637 636 pro
668 561 778 621 Milone
815 563 977 637 oporteret,
1012 560 1052 618 Μ.
1082 561 1181 620 Brutus

174 649 356 710 existimavit
382 643 463 708 κατὰ
486 642 662 709 ἀντίεταειν
690 668 744 726 pro
772 668 806 710 eo
829 669 891 711 esse
918 650 1090 725 dicendum,
1116 667 1182 726 quac

174 736 299 798 anobis
322 738 494 796 nominatur
516 740 646 814 qualitas
674 741 905 815 compensativa
950 738 1015 799 Hoc
1043 741 1183 798 enimvero
1208 757 1220 798 ⁵

174 826 309 886 Ciceroni
331 827 429 886 visum
452 829 497 886 est
514 845 621 903 parum
643 826 770 902 salubre,
797 847 868 888 nam
890 829 998 888 maluit
1021 822 1184 900 ἀντεγκλή·

174 931 274 990 ματος
296 916 403 992 specie,
425 915 457 974 id
481 919 526 974 est
547 917 611 974 rela
626 962 632 973 .
648 961 677 976 ..

475 1003 606 1077 (Desunt
632 1004 721 1065 VIII
735 1006 891 1081 popinae)

95 1095 154 1155 5⁷·
321 1094 464 1152 vestrae
496 1096 736 1170 quaestionis,
767 1094 938 1154 videntur
964 1113 1004 1154 oa
1036 1111 1114 1154 esse
1140 1112 1187 1152 re·

173 1181 338 1255 futanda,
366 1201 455 1257 quae
477 1185 514 1241 ot
535 1183 572 1240 in
594 1186 722 1243 senatu
745 1183 786 1243 ab
809 1184 969 1243 inimicis
1200 1201 1225 1242 ro

240 1271 330 1330 dixit:
347 1271 409 1330 iam
431 1271 561 1330 detraxit
582 1273 630 1330 illi
652 1273 770 1335 decreto
793 1274 1003 1333 auctoritatem
1103 1272 1190 1331 male-

173 1360 330 1420 volentiae.
376 1359 417 1418 llt
440 1360 519 1435 quod
542 1359 660 1420 addidit
682 1363 785 1421 statim

240 1451 387 1509 iactata
409 1451 492 1508 sunt

240 1557 300 1598 non
332 1536 489 1612 decreta,
520 1556 580 1599 non
611 1540 766 1613 statuta,
801 1556 861 1598 non
892 1538 1070 1612 iudicata,
1101 1537 1191 1597 verbo

174 1645 244 1686 usus
276 1629 322 1686 est
348 1625 508 1686 efficaciter
535 1627 574 1686 ad
601 1627 817 1686 detrahendum
842 1628 957 1704 pondus
983 1627 1032 1686 illi
1059 1629 1227 1688 senatus-1⁵

175 1716 318 1789 consulto,
337 1734 395 1791 quo
413 1734 481 1776 rous
499 1717 650 1793 gravatur.
680 1715 753 1776 Post
770 1716 844 1776 baec
862 1718 953 1776 etiam
971 1715 1192 1795 significaturus

175 1805 271 1882 legem
294 1802 466 1880 Pompeiam

240 1892 344 1952 bitin
367 1894 535 1953 contione
558 1893 599 1952 ab
622 1893 786 1969 inprobis

240 1982 347 2058 inquit.
374 1981 532 2042 Molestum
545 2001 674 2059 namquo
687 1983 801 2057 fnisset,
820 1984 845 2042 si
860 2001 878 2042 a
895 1983 1029 2059 populo
1048 1982 1194 2043 adiceret:

174 2071 213 2130 cb
233 2071 364 2145 obqorobts
385 2071 502 2145 maluit,
524 2073 559 2129 ut
580 2090 617 2130 ne
634 2071 712 2130 illud
728 2071 919 2148 plebiscitum
939 2089 994 2148 pro
1014 2073 1194 2150 gravissimo
1207 2089 1231 2129 so

174 2160 341 2219 ducendum
354 2161 403 2233 sit,
416 2160 495 2236 quod
508 2159 628 2235 inprobi
641 2163 672 2219 et
685 2160 836 2221 studentes
847 2161 975 2220 iniuriae
985 2163 1194 2237 conceperunt

174 2248 222 2307 Ad
241 2250 404 2308 extremum
422 2250 511 2308 tertio
530 2249 626 2327 gradu
644 2251 677 2308 in
694 2250 773 2308 hunc
791 2251 903 2309 exitum
920 2250 1044 2309 desinit:

240 2337 286 2395 lit
307 2338 415 2413 paulo
438 2340 521 2396 ante
544 2337 586 2396 ab
610 2338 894 2398 accusatoribus.

242 2424 335 2486 Omne
367 2427 461 2501 enim,
490 2427 570 2503 quod
601 2429 787 2486 accusatores
819 2428 1096 2501 comminiscuntur,
1132 2444 1195 2487 non

175 2515 335 2592 aequitatis
357 2515 478 2589 iudicio,
499 2515 550 2576 sed
573 2515 697 2575 nocendi
720 2518 873 2594 proposito
894 2517 1065 2576 moliuntur.
1108 2515 1195 2575 Haec
1208 2534 1234 2574 a
1268 2505 1269 2514 ¹

242 2691 258 2739 3
276 2686 312 2752 cf.
331 2684 431 2740 Ascon.
452 2685 482 2738 in
499 2684 595 2738 Milon.
616 2690 660 2752 30,
674 2690 755 2754 tsqq.
792 2684 909 2750 Quintil.
927 2685 965 2739 Ill
985 2691 1009 2750 6,
1025 2689 1066 2739 93.

77 2900 80 2908 ,
240 2853 257 2899 4
285 2847 366 2901 amba
383 2861 482 2916 praeca
501 2845 692 2900 documento
709 2846 819 2914 scrt'pss't
921 2850 937 2898 6
965 2844 1195 2910 ἀντεγκλὴματοε

174 2919 216 2989 Zp
239 2916 561 2988 ...e...st...1...c
584 2918 680 2985 primo
702 2916 1100 2988 loc.1¹f„altera1‚tertia
1125 2915 1195 2986 17υ

174 2995 275 3059 quauta
298 2988 347 3114 1t½
371 3005 420 3043 om.
439 2989 571 3054 conticet,
592 2990 685 3056 spatio
708 2989 759 3042 titt.
782 2989 871 3057 suppl.
890 3004 1012 3059 costuma
1082 2986 1115 3039 ebe
1137 3003 1193 3056 ηις.

174 3059 285 3115 addidit
329 3077 379 3129 ,q
469 3064 484 3112 9
512 3059 589 3128 utrae
613 3059 637 3114 G
720 3063 753 3111 10
776 3065 840 3127 post
861 3059 970 3114 verbum
993 3059 1092 3112 senata
1115 3073 1135 3109 a
1156 3057 1191 3128 0,

174 3131 273 3184 addita
299 3138 377 3186 auct:
404 3131 439 3185 ab
467 3129 590 3184 inimicis
618 3145 702 3199 saepe
724 3129 831 3183 iactata
858 3131 932 3184 sunt.
954 3144 1020 3183 nam
1042 3127 1119 3196 quod

176 3207 207 3254 11
232 3208 302 3269 post
322 3202 431 3256 certum
459 3200 656 3255 auctoritatem
682 3217 701 3254 a
730 3200 760 3271 0,
790 3200 889 3256 addito
915 3207 995 3256 scut:
1022 3198 1068 3253 cui
1094 3201 1194 3268 potest

194 3274 290 3339 ropter
308 3271 465 3325 simultates
483 3272 574 3326 inesse
593 3271 718 3326 studium
735 3287 781 3342 eqo
800 3272 928 3327 smmum
945 3267 1194 3343 statui<insimu=

174 3290 321 3414 fautione>l
391 3341 625 3397 malaeuolentiae
650 3344 673 3398 0
765 3347 798 3396 13
821 3342 897 3398 iacta
922 3344 955 3410 0,
982 3358 1050 3397 corr.
1074 3357 1119 3396 auc

176 3472 208 3520 16
238 3416 416 3522 GRdlddeR
511 3473 545 3520 18
572 3467 779 3522 contentionem
808 3467 832 3522 0
923 3471 957 3521 20
984 3465 1051 3520 illut
1079 3466 1102 3520 0

176 3597 210 3644 24
234 3587 642 3662 quospisnccusaroues
718 3597 752 3644 ss
779 3555 948 3664 rattruut
