2554 3978
493 201 508 262 ᾖ
528 201 640 250 16—22.
1034 195 1077 260 '¹13

66 367 97 424 in
132 383 191 442 qua
226 367 374 424 maiorum
409 365 472 424 eius
507 364 614 424 titulus
651 363 812 438 eminebat,
852 382 969 423 omnem
1003 363 1080 423 hano

66 455 219 514 materiam
237 453 391 514 cuiusdam
408 454 495 512 taciti
512 453 623 512 favoris
643 452 799 512 defloravit
817 455 926 527 orator,
944 455 1080 529 quasise

67 561 122 601 non
145 544 369 602 monumentum
395 542 529 602 familiae
556 560 627 601 suae
653 541 686 600 P.
712 541 832 601 Olodius
855 541 1005 616 babuerit,
1028 541 1080 600 sed

67 631 212 707 quoddam
234 632 377 691 soelerum
400 630 615 706 devorsorium,
642 632 674 689 in
702 649 762 706 qua
783 630 924 690 oooidisse
946 630 1080 690 Marcum

43 723 155 780 setiam
176 721 331 797 Papirium
352 719 523 795 ridebatur,
550 720 680 795 equitem
702 720 882 794 Romanum,
910 738 944 779 eo
967 719 1081 778 soilioet

66 813 210 886 tempore,
247 827 306 885 quo
338 809 498 868 deoertetio
530 807 641 867 ibidem
671 803 792 887 (inter)
823 808 1018 885 Pompeianos
1051 810 1081 866 et

65 900 157 974 ipsius
174 899 336 957 sartionem
354 899 511 958 oommissa
528 900 581 958 est.
614 895 689 956 (lum
706 916 760 973 per
780 898 915 957 fraudem
934 899 1081 956 emisisset

66 1007 79 1046 e
97 987 233 1048 custodia
252 987 390 1064 Tigranis
412 987 509 1046 filium
530 1005 625 1062 nuper
644 1005 679 1045 ex
696 985 839 1046 Armenia
856 1005 910 1063 per
928 985 979 1046 Gn.
994 984 1080 1046 Pom·

64 1079 164 1152 poium
190 1079 270 1136 sorte
296 1074 480 1152 eaptivitatis
511 1075 671 1134 abductum
694 1077 779 1151 eique
810 1078 990 1151 potestatem
1021 1075 1080 1134 dis-

32 1165 185 1224 rooedendi
206 1165 332 1224 liberam
353 1167 545 1242 permisisset,
567 1164 686 1224 videtur
708 1184 724 1222 e
746 1183 868 1224 numero
887 1164 1080 1241 Pompeiano·

64 1274 126 1313 rum
149 1254 191 1312 M.
210 1252 347 1330 Papirius
370 1256 574 1330 interemptus.

128 1341 402 1419 Conprehensus
439 1345 493 1402 est
528 1343 565 1401 in
596 1343 730 1419 templo
763 1340 924 1401 Castoris
957 1346 1175 1407 servus518.

64 1431 92 1490 P.
117 1430 253 1506 Clodii,
276 1450 378 1507 quem
400 1432 464 1490 ille
488 1432 531 1491 ad
554 1429 608 1490 On.
624 1430 829 1508 Pompeium
852 1431 1079 1490 interficien-

65 1521 141 1580 dum
167 1521 427 1580 oonlooaverat.

32 1627 53 1666 u
126 1609 283 1669 Moventer
296 1611 353 1669 hoo
366 1609 499 1686 exemplo
514 1611 609 1668 utitur
623 1627 677 1668 neo
691 1611 754 1668 sine
768 1609 878 1668 aouleis
892 1609 1023 1668 invidiae
1039 1654 1080 1669 ...

396 1697 526 1771 (Desunt
547 1698 591 1756 II
603 1698 757 1772 popinae.)

128 1833 181 1846 ...
206 1805 269 1847 esse
291 1789 428 1860 testatur,
451 1787 598 1863 quomodo
620 1788 755 1846 iustitiae
778 1786 874 1846 cultor
897 1788 944 1846 sit.
1100 1791 1177 1852 §aa

126 1876 286 1936 Dederat
324 1877 429 1951 enim,
466 1895 570 1952 quam
607 1878 850 1935 contemneres
887 1876 1080 1952 populares

64 1966 240 2039 insanias,
278 1967 350 2024 iam
387 1964 470 2024 inde
506 1965 548 2024 ab
585 1964 835 2024 adulesoentia
870 1965 1081 2023 documenta

33 2055 222 2113 romaxima.

220 2140 392 2202 Orationem
415 2145 605 2202 eonverterat
637 2142 675 2200 ad
705 2141 739 2200 L.
767 2142 933 2200 Domitium
965 2143 1081 2217 quaesi-

65 2234 165 2290 torem.
209 2229 299 2290 Cuius
323 2233 455 2290 animum
477 2233 541 2290 sine
564 2231 654 2290 dubio
677 2233 712 2289 ut
733 2230 880 2290 effioaoius
901 2230 1007 2289 Miloni
1029 2231 1081 2288 ad-

65 2320 193 2380 iuvando
217 2321 388 2380 conciliaret
415 2320 555 2379 adversus
583 2321 728 2397 impetum
755 2320 976 2394 seditiosorum,
1003 2338 1080 2378 oom-

65 2410 222 2469 monefeoit
253 2429 321 2468 eum
352 2411 536 2468 constantiae
563 2427 648 2484 suae,
680 2411 763 2468 errius
793 2409 928 2486 exempla
954 2408 1081 2467 edidisse

33 2512 53 2552 u
65 2518 156 2575 nuper
185 2500 218 2556 in
246 2498 445 2557 adnleseentia
471 2497 635 2558 ridebatur.
685 2498 765 2556 Nam
791 2516 859 2556 oum
886 2495 917 2556 Ο.
940 2497 1081 2556 Manilius

66 2592 130 2662 post
154 2607 265 2646 annum
287 2587 456 2646 tribunatus
479 2588 535 2661 sui,
558 2605 646 2662 quem
668 2585 922 2645 turbulentissime
940 2587 1081 2663 gesserat,

66 2695 183 2737 oausam
206 2677 243 2736 de
265 2678 420 2736 maiestate
444 2675 576 2735 dicturus
600 2678 678 2734 esset
701 2678 857 2735 aoousante
876 2673 927 2734 (ln.
941 2673 1081 2747 Minucio,

66 2765 95 2822 id
122 2768 197 2842 egit,
226 2767 262 2822 ut
287 2783 340 2842 per
366 2764 590 2823 multitudinem
618 2765 818 2840 conspiratam
841 2763 989 2822 obsideret
1011 2781 1080 2819 eun·

67 2853 129 2914 dem
153 2854 204 2914 On.
228 2854 393 2913 Minucium
415 2855 616 2914 aoousatorem
639 2872 733 2913 suum.
781 2851 835 2912 Oui
858 2851 976 2912 obsesso
1000 2852 1081 2910 auxi·

131 3011 210 3074 dspp.
229 3005 266 3072 of.
284 3005 384 3061 Aaron.
403 3006 441 3060 ad
463 3005 546 3077 537:
564 3023 630 3076 pap.
650 3011 693 3072 41,
708 3009 804 3074 2daqq.

131 3153 241 3202 reem
258 3164 302 3202 mo
384 3147 545 3221 6<inter>
563 3163 607 3202 mo
689 3147 881 3202 9sortem0
958 3151 991 3200 10
1019 3163 1081 3216 per-

69 3217 218 3274 misisset*
301 3224 333 3272 11
358 3220 513 3286 emptast]
601 3224 633 3272 15
657 3218 782 3272 invidiae
800 3219 842 3288 Zp
895 3217 1014 3288 imunt*

71 3287 719 3362 17loo.3¹s‚om.=7te'tt....eumessemo
770 3288 941 3345 tllS'l'i‘l'th
987 3289 1079 3344 sexu

70 3369 178 3417 correcto
252 3367 284 3414 19
307 3361 374 3415 inde
393 3377 443 3416 om.
462 3361 538 3416 codd.
555 3362 609 3416 Cio.
683 3367 716 3414 20
739 3361 902 3417 maximeG
971 3363 1079 3414 21tac.

70 3431 115 3502 it,
133 3451 182 3488 orn.
197 3459 231 3478 =
251 3435 269 3486 9
289 3432 339 3488 litt.
363 3433 471 3487 videbor
492 3449 546 3486 esse
564 3433 738 3501 paenultima
761 3433 853 3487 littero
872 3436 893 3484 Φ
915 3432 1079 3500 ἀποετροφή

69 3505 208 3629 sapptffl
275 3509 313 3628 ἔτ
337 3502 460 3629 Μυησὶοἰο
481 3504 554 3570 Ome,
572 3519 640 3558 corr.
658 3503 695 3558 Or
762 3509 796 3556 29
824 3503 979 3557 Munioium
1004 3503 1080 3566 Orno,

70 3588 131 3628 corr.
258 3591 373 3629 oaesau
