2554 3978
504 223 520 284 t
539 222 652 272 eo-ar.
1017 214 1080 278 129

64 385 206 445 sacrificii
223 403 282 445 non
301 387 446 445 convenit.
478 385 558 444 Nam
576 385 699 461 quidam
716 385 748 443 id
761 385 872 442 initum
885 403 921 442 ex
934 385 1080 460 imperato

64 475 162 534 Fauni
185 475 375 550 contendunt,
398 475 535 534 nonnulli
556 478 625 550 post
648 474 763 534 obitum
785 473 889 533 Latini
910 473 990 550 regis
1008 467 1080 551 <et>

62 564 196 638 Aeneae,
232 563 312 640 quod
342 564 367 621 ii
397 581 545 639 nusquam
576 565 813 640 comparuerant.
867 561 973 636 ltaque
1005 562 1080 637 ipsis

63 652 169 712 diebus
200 653 267 712 ideo
299 653 436 711 oscillare
467 653 675 728 instituerunt,
707 655 742 710 ut
768 651 906 727 pendulis
933 651 1081 709 machinis

32 744 264 820 cogitarentur
296 743 438 818 quoniam
470 759 572 802 eorum
604 759 710 818 corpus
742 742 775 799 in
801 742 889 800 terris
917 757 977 799 non
1005 741 1082 799 esset

62 833 224 906 repertum,
246 833 281 889 ut
299 831 416 889 animae
434 831 567 889 velutin
586 836 653 890 adro
672 831 891 907 quaererentur.
926 828 1082 887 Feriarum

61 919 241 978 Latinarum
264 918 408 978 sacrificio
437 919 552 979 solebat
577 920 633 979 boc
657 919 821 994 observari,
850 922 884 978 ut
901 962 914 976 -.
930 961 959 976 ..
982 917 1082 977 hostia

62 1009 202 1067 civitates
244 1009 412 1068 adiacentes
452 1010 657 1085 portiunculas
699 1010 796 1080 carnis
837 1009 1007 1084 acciperent
1047 1025 1082 1064 ex

60 1096 182 1156 Albano
204 1099 304 1156 monte
332 1096 493 1156 secundum
515 1101 646 1157 veterem
673 1099 922 1174 superstitionem.
968 1094 1081 1154 Verum

23 1207 46 1248 ιο
59 1189 125 1244 tam
150 1177 290 1262 exiguum
312 1188 344 1244 in
366 1187 429 1246 illis
448 1187 621 1247 civitatibus
641 1206 797 1246 numerum
815 1187 970 1246 hominum
988 1185 1081 1262 signi-

59 1275 146 1349 ficat,
175 1278 209 1333 ut
236 1275 335 1334 desint
362 1277 466 1350 etiam,
498 1278 550 1352 qui
577 1293 696 1335 carnem
723 1277 853 1352 petitum
880 1276 916 1333 de
944 1273 1082 1333 sollemni

59 1372 145 1424 m'ore
171 1366 338 1422 mittantur.

129 1461 391 1538 Adiungamus,
424 1465 455 1522 si
479 1465 550 1538 vis,
582 1463 632 1538 id,
665 1463 757 1540 quod
784 1465 822 1520 tu
849 1462 933 1520 huic
959 1459 1081 1521 obesse

60 1552 175 1609 etiam
197 1554 317 1626 putas,
340 1555 479 1627 patrem
501 1552 742 1628 publicanum.

23 1670 44 1710 rs
130 1649 287 1708 Transitus
310 1649 345 1707 fit
364 1651 401 1708 ad
420 1651 686 1726 quaestiunculam,
710 1669 769 1726 qua
789 1650 945 1709 humilitas
965 1647 1080 1725 generis

61 1737 250 1799 obiciebatur
268 1737 399 1813 Plancio,
418 1742 452 1798 ut
471 1743 628 1815 eapropter
645 1740 773 1818 largitus
792 1739 950 1815 pecuniam
967 1735 1080 1796 videre·

60 1831 122 1901 tur,
146 1828 289 1902 quoniam
312 1829 453 1903 consequi
475 1829 660 1887 aedilitatem
682 1829 816 1887 familiae
840 1846 910 1887 suae
934 1825 1081 1903 dignitate

61 1934 124 1976 non
137 1918 246 1992 posset.
275 1915 505 1977 Publicanorum
518 1919 628 1993 itaque.
636 1917 752 1976 Tullius
768 1917 901 1978 ordinem
914 1914 1080 1974 necessario

62 2005 190 2079 adserit,
218 2007 271 2080 qui
292 2009 364 2064 tuno
387 2026 422 2065 ex
445 2009 577 2082 equestri
600 2007 702 2066 ordino
726 2006 905 2067 accedebant
928 2003 966 2063 ad
988 2002 1081 2063 vecti·

25 2113 49 2154 ec
64 2095 181 2172 galium
203 2094 423 2154 redemtionem.

131 2189 230 2260 Quod
261 2193 375 2252 fuerit
405 2191 635 2269 publicanus,
671 2195 728 2254 vel
765 2193 857 2269 quod
890 2191 931 2251 ab
969 2189 1177 2260 sociissal.

61 2282 167 2339 unice
190 2280 426 2359 diligebatur,
455 2284 512 2342 vel
540 2283 632 2358 quod
659 2283 943 2361 diligentissime
970 2295 1073 2357 roga·

59 2370 136 2444 bat,
160 2371 216 2429 vel
240 2371 324 2446 quia
346 2366 418 2446 pro*
432 2372 516 2431 filio
540 2372 780 2448 supplicabat.

192 2464 364 2528 Cumidavit
386 2471 516 2546 gratiam
539 2469 761 2546 suffragationis
780 2469 816 2528 de
836 2473 960 2546 paterno
983 2469 1075 2526 etiam

25 2575 47 2614 rs
61 2557 178 2630 favore,
206 2559 255 2614 cui
276 2556 503 2632 publicanorum
526 2560 650 2618 societas
681 2559 822 2634 adfuerit,
852 2561 887 2616 ut
909 2558 988 2616 filius
1012 2558 1074 2615 eius

62 2645 100 2704 ad
123 2645 318 2721 optinendam
341 2647 526 2706 aedilitatem
548 2647 647 2723 potius
671 2647 870 2708 adiuvaretur.

129 2875 211 2937 lsqq.
230 2869 265 2934 of.
293 2869 392 2924 Festus
419 2887 440 2925 s.
454 2887 478 2924 o.
503 2869 663 2923 oscillantes
691 2871 728 2938 (p.
745 2875 796 2923 194
823 2867 950 2938 Mueller)
980 2870 1078 2935 (wacon

62 2941 183 2996 scholica
201 2957 214 2994 e
238 2941 360 2996 Varrone
378 2943 548 3010 desumptum
562 2948 647 3010 putat
665 2941 819 3011 Scbilliap).

131 3153 319 3210 linitiumO
389 3153 549 3227 2<et>mo
621 3154 924 3223 doomparauerantO
995 3155 1077 3207 itae.

64 3225 220 3296 aprificavi
232 3228 265 3279 ut
278 3225 401 3280 hostiam
410 3227 566 3280 quader
578 3227 611 3279 ut
624 3225 717 3280 hostia
728 3223 894 3298 <adducta>
907 3223 945 3280 Or
957 3225 991 3277 ut
999 3223 1079 3297 <de>

64 3295 157 3350 hostia
172 3296 213 3366 Zp
285 3303 317 3350 11
334 3297 408 3353 desit
422 3297 446 3353 0
511 3302 545 3351 18
560 3296 714 3367 adiungam
728 3297 804 3351 codd.
816 3297 869 3352 Gir.
885 3295 984 3351 abesse
999 3297 1023 3352 0

66 3391 97 3438 16
115 3387 150 3439 ut
168 3385 217 3439 bis.
236 3402 287 3440 ser.
307 3386 331 3440 0
396 3385 576 3442 oleastros
653 3391 685 3438 21
706 3385 781 3454 quod
800 3385 861 3439 erat
878 3385 960 3452 pater
978 3383 1010 3449 is,
1030 3384 1080 3452 qui

65 3457 106 3510 est
122 3455 256 3526 princeps
271 3457 332 3510 'iam
350 3457 399 3510 diu
416 3456 631 3526 publicanorum
648 3457 723 3512 codd.
741 3457 794 3511 Cic.
868 3455 942 3524 quod
960 3454 985 3507 is
1004 3456 1079 3510 codd.

66 3530 118 3583 Cio.
163 3525 270 3584 socn⁸
288 3528 307 3583 S
325 3530 538 3597 superscriptum
556 3531 688 3583 iocenwm
706 3534 745 3582 est
816 3533 849 3580 22
868 3526 969 3580 unicae
989 3527 1012 3581 0

66 3605 98 3653 24
124 3601 174 3654 loc.
194 3616 243 3654 wa
264 3599 311 3653 lia.
327 3625 361 3644 =
381 3605 415 3655 16
434 3601 484 3656 litt.
505 3603 576 3655 κατὰ
595 3600 793 3666 (υναθροιεμόν
811 3598 900 3666 suppl.
915 3597 956 3667 Zp

119 3697 214 3739 Scholia
226 3697 351 3740 Bobicnsia
366 3699 400 3739 ed.
411 3698 573 3738 Hildebrandt.
905 3691 919 3738 9
