2554 3978
512 209 514 216 ’
548 229 697 290 sar-ao.
1082 223 1126 288 45

100 393 293 466 amitterent3
334 411 368 452 eo
405 393 497 452 etiam
533 391 609 452 illud
645 393 796 467 accedere,
838 391 919 469 quod
954 395 1125 468 praesentes

100 500 163 541 non
211 481 273 540 sint
318 481 356 540 ad
405 480 564 541 dicendum
608 482 830 556 testimonium,
877 501 895 542 a
941 481 1049 558 quibus
1095 499 1126 540 se

100 570 264 647 pecuniam
287 571 446 647 sumpsisse
466 570 656 647 Asclepiades
676 571 765 646 dicat,
787 590 877 646 quam
896 571 1003 632 Flacco
1022 571 1125 630 datam

102 659 329 718 criminabatur.

73 777 86 816 a
172 757 222 858 Tu
249 776 334 926 Hero
366 757 435 816 tibi
467 757 599 816 habeto
630 758 738 817 istam
770 757 1019 817 laudationem
1053 752 1124 836 [de
1145 764 1159 823 ξ
1180 764 1222 812 36,

101 864 283 906 crevisse.

171 945 248 1004 Eam
270 946 450 1004 temtaverat
473 946 629 1004 accusator
651 945 759 1004 falsam
785 944 888 1004 dicere.
933 945 973 1003 Et
995 945 1125 1004 oratorie

100 1036 159 1094 hoe
192 1035 290 1109 ipsum
318 1031 419 1093 Cicero
447 1035 604 1108 concessit,
635 1037 670 1092 ut
698 1033 877 1094 Graecorum
906 1052 1002 1094 mores
1035 1037 1125 1110 atque

100 1122 230 1200 perfidia
259 1123 351 1181 etiam
384 1123 422 1181 ab
450 1125 516 1198 ipso
548 1125 719 1183 accusatore
752 1122 894 1182 damnata
921 1124 975 1198 sit,
1008 1124 1060 1199 qui
1088 1123 1125 1182 ab

61 1230 87 1269 ro
102 1211 266 1272 eonmdem
289 1213 417 1270 maxime
439 1211 612 1271 testimonio
635 1211 750 1271 nititur.
788 1211 913 1272 Utiliter
931 1212 1033 1289 itaque
1052 1213 1125 1270 facit

100 1303 252 1361 iacturam
289 1300 420 1360 civitatis
456 1300 544 1360 unius
580 1302 743 1360 multarum
785 1319 861 1377 quae
898 1303 1039 1361 accusant
1075 1301 1124 1360 de-

101 1392 275 1450 minuturus
299 1391 516 1449 auctoritatem.

170 1487 219 1547 Ut
245 1485 374 1546 Flacco
407 1487 550 1547 absenti
579 1487 721 1563 aliquid
749 1488 921 1547 civitates
949 1488 1124 1547 tribuisse

102 1577 285 1651 dicantur,
317 1575 442 1635 Laelio
465 1578 651 1652 praesenti
672 1596 735 1652 per
757 1596 792 1637 se
816 1577 938 1655 agenti
961 1577 996 1635 vi
1019 1577 1124 1653 legis,

62 1667 180 1724 rsiure
209 1665 466 1739 accusationis,
496 1665 623 1742 opibus
650 1668 840 1742 praeterea
868 1668 941 1725 suis
968 1667 1125 1725 terrenti

103 1774 142 1815 ac
165 1754 323 1813 minanti
345 1754 439 1813 nihil
462 1755 672 1833 obsignasse
695 1754 896 1814 videantur.

174 1850 248 1911 (lum
261 1852 352 1929 paulo
368 1854 436 1910 ante
451 1848 647 1927 (υγχώρηειν
657 1853 761 1912 fecerit
774 1856 880 1930 sponte
894 1852 1055 1912 concedens
1065 1849 1122 1911 Ac·

101 1943 292 2002 monensium
327 1941 423 2001 videri
454 1941 563 2001 falsam
598 1942 815 2017 laudationem,
851 1945 952 2001 tamen
988 1943 1124 2016 sequenti

100 2033 208 2108 kapite
244 2030 461 2105 animadverte,
499 2049 588 2106 quam
619 2031 766 2090 vivaciter
801 2031 1005 2090 laudationem
1039 2047 1124 2089 suam

60 2138 87 2177 so
101 2120 201 2180 videri
223 2119 297 2179 velit
323 2121 435 2197 integri
461 2119 551 2179 fuisse
578 2119 682 2178 iudicii
712 2123 742 2180 et
760 2114 818 2198 (a)
839 2121 989 2180 contrario
1012 2119 1123 2178 calum-

101 2210 189 2268 niosa
221 2227 323 2268 eorum
348 2209 529 2283 testimonia,
561 2210 614 2284 qui
645 2228 699 2285 pro
728 2211 898 2269 accusatore
929 2209 1122 2268 consentiant.

100 2297 226 2358 Absenti
260 2299 360 2374 inquit
390 2297 496 2358 Flacco
528 2297 646 2358 decreta
682 2298 815 2357 laudatio
849 2301 909 2374 est,
945 2315 1015 2375 ergo
1047 2295 1123 2354 nihil

100 2387 207 2446 invitis
231 2388 354 2446 extorsit
376 2387 424 2446 vel
446 2387 546 2464 gratia
568 2387 617 2445 vel
639 2390 796 2463 potestate,
820 2406 887 2447 cum
910 2385 1015 2447 absens
1038 2388 1122 2445 esset.

101 2477 145 2535 At
164 2478 280 2534 ceterae
299 2475 435 2534 civitates
447 2477 598 2548 praesenti
613 2476 727 2550 Laelio,
745 2477 864 2554 cogenti
882 2476 987 2554 opibus
1006 2475 1123 2552 magnis
1166 2509 1167 2513 =
1273 2505 1274 2550 i

59 2567 133 2622 sset
157 2563 309 2624 obstinata
338 2565 513 2624 necessitate
541 2565 678 2624 suadenti
704 2566 800 2643 magis
918 2568 971 2638 est,
1000 2565 1037 2622 ut
1059 2582 1122 2622 suc-

102 2653 260 2712 cubuerint
283 2652 321 2711 ad
343 2653 517 2729 obsequium
538 2653 694 2714 mendacii.
731 2653 781 2714 Sic
803 2657 834 2713 et
856 2654 1034 2730 deprimitur
1050 2651 1122 2711 fides

102 2743 308 2802 accusantium
331 2745 361 2800 et
384 2745 493 2802 veritas
517 2743 698 2803 laudationis
722 2746 891 2821 aggeratur.

171 2935 187 2983 5
214 2928 317 2983 habeto
341 2929 426 2983 istam
448 2930 525 2986 codd.
547 2931 599 2986 Οἱς.
628 2931 794 2984 habetotam
817 2931 841 2986 Ο
892 2928 1047 2984 decrevisse
1070 2944 1120 2983 cm.

102 3001 246 3056 coddoe'c.
317 3001 531 3057 ‘loratoriaeG
596 3006 629 3055 10
648 3001 903 3074 paeltiacturamo
969 3001 1055 3066 1111·

104 3072 279 3127 accusabant
300 3073 342 3143 Zp
423 3078 455 3126 15
481 3073 542 3127 iure
565 3073 641 3128 codd.
663 3074 717 3128 Oic.
737 3071 806 3126 iuris
831 3073 895 3127 Ome
977 3077 1009 3126 17
1039 3081 1120 3132 ...u

168 3143 290 3199 oanis
319 3145 406 3198 attera
429 3146 478 3200 tae.
498 3149 515 3198 4
537 3161 586 3199 cna.
606 3170 639 3190 =
663 3149 681 3199 8
704 3145 754 3201 titt.
775 3145 834 3198 tett.
853 3145 983 3210 eontinet,
1010 3145 1120 3202 interit

104 3222 129 3270 et
148 3215 175 3269 O
195 3231 254 3270 nna
273 3216 324 3269 titt.
342 3214 389 3270 lat.
408 3214 510 3270 eccidit
668 3216 719 3269 ClN
739 3217 789 3270 loe.
810 3219 827 3268 3
844 3232 893 3270 cn.
909 3241 942 3260 =
962 3219 980 3270 7
998 3216 1049 3272 litt.

104 3292 138 3340 20
161 3285 270 3340 iudicia
290 3286 367 3352 Ono,
385 3303 452 3342 corr.
468 3286 501 3343 St
554 3288 583 3340 et
601 3285 660 3360 <e>
680 3286 712 3342 St
730 3303 745 3340 e
765 3287 829 3343 Gne
911 3292 944 3340 24
968 3286 1049 3342 ado

104 3399 138 3446 as
154 3392 266 3464 <maso
283 3391 455 3474 veramne>
470 3394 503 3449 se
550 3465 555 3476 ι
574 3398 608 3448 ni
622 3357 960 3466 iauaanonbllln
1033 3395 1051 3446 a
1069 3395 1120 3449 ue.

104 3463 155 3534 1¹s,
171 3481 220 3518 nn.
232 3489 266 3509 =
280 3468 298 3518 3
313 3465 363 3519 nn
378 3470 464 3519 totam
481 3470 602 3534 spatam
620 3481 668 3520 see.
689 3467 737 3520 tin.
752 3471 791 3521 est
804 3464 854 3538 3¹),
870 3483 918 3521 cna
935 3492 968 3512 =
988 3469 1006 3520 9
1021 3467 1070 3521 nn
1087 3496 1120 3504 -

104 3536 184 3589 Haec
202 3541 228 3590 et
244 3536 384 3604 sequentia
402 3537 524 3591 tinctura
543 3537 666 3590 Motene
683 3539 725 3592 ite
739 3538 919 3606 pessundata
931 3543 1005 3602 ant,
1024 3543 1056 3590 ut
1073 3538 1121 3590 cin

103 3607 218 3676 vestigia
236 3606 361 3677 cognosci
374 3608 489 3674 possint.
