2584 3978
176 207 220 271 10
546 206 617 261 PRO
641 207 671 262 P.
691 207 806 260 SYLLA

173 376 363 436 abstinerent.
409 374 575 451 Aliquanto
602 378 707 452 postea
734 378 865 436 severior
893 378 941 436 lex
969 375 1135 452 Calpurnia
1161 380 1190 435 et

171 467 299 542 pecunia
321 465 463 524 multavit
486 467 516 524 et
538 467 571 523 in
593 468 771 542 perpetuum
792 466 955 526 honoribus
977 467 1067 526 iussit
1090 485 1189 525 carere

173 555 344 627 damnatos3
381 553 532 613 habebant
567 557 668 614 tamen
704 555 858 615 licentiam
894 555 1006 615 Romae
1042 555 1189 616 morandi

171 643 289 717 Postea,
307 645 369 702 iam
388 644 537 703 damnatis
553 643 638 720 Sylla
656 647 686 703 et
699 644 857 719 Autronio,
876 663 1003 722 poenam
1021 644 1058 704 de
1073 644 1190 703 ambitu

173 734 340 811 graviorem
367 733 501 792 consides
530 729 560 793 Ο.
584 732 733 793 Antonius
762 735 793 794 et
820 731 922 794 (licere
950 736 1126 807 sanxerunt,
1156 736 1190 792 ut
1219 751 1231 791 s
1281 763 1282 776 κ

79 859 84 868 -
171 824 290 900 praeter
325 821 399 880 haec
430 821 580 882 veteribus
616 823 732 901 legibus
769 824 933 883 constituta
970 824 1062 881 etiam
1100 823 1190 882 exilio

171 911 379 970 multarentur.

239 999 283 1058 Et
310 1001 409 1059 locus
443 1001 496 1060 cst
523 1001 599 1074 ipse
627 1019 695 1060 non
727 1003 800 1059 tam
833 1001 876 1060 ad
906 988 1190 1060 inflammandos

172 1089 467 1148 calamitosorum
513 1091 664 1163 animos,
711 1108 814 1165 quam
861 1090 903 1149 ad
948 1089 1190 1149 consolandos

171 1176 469 1237 accommodatus.
1206 1197 1233 1237 ro

321 1267 553 1342 Neapolitanam
588 1269 743 1327 civitatem
774 1269 880 1345 procul
911 1269 1002 1328 fuisse
1035 1267 1074 1326 ab
1106 1269 1191 1326 omni

170 1357 309 1433 contagio
358 1356 441 1415 illius
487 1358 702 1417 coniurationis
753 1375 788 1416 ac
837 1360 995 1434 propterea
1040 1357 1192 1416 delectam

80 1481 85 1490 ·
169 1444 203 1506 P.
232 1444 346 1520 Syllae,
387 1447 422 1503 ut
457 1444 502 1503 ibi
541 1465 601 1504 non
644 1447 805 1506 sceleratus
842 1447 962 1521 lateret,
1004 1444 1055 1505 sed
1097 1447 1191 1505 miser

171 1535 400 1608 conquiesceret.

82 1628 159 1690 §18.
236 1622 412 1681 Veniebat
443 1624 536 1682 enim
569 1623 611 1682 ad
643 1643 695 1683 me
723 1625 758 1683 et
785 1642 891 1701 saepe
918 1623 1090 1683 veniebat
1117 1623 1232 1683 Au-rs
1282 1671 1283 1678 ,

169 1713 321 1770 tronius.

238 1799 404 1858 Salubriter
425 1801 539 1860 institit
561 1803 631 1860 huie
650 1805 739 1878 parti,
762 1802 865 1861 multis
885 1804 915 1861 et
936 1802 1069 1877 inpensis
1092 1803 1192 1877 preci-

169 1890 224 1949 bus
248 1889 393 1952 auxilium
421 1888 600 1950 defensionis
628 1893 867 1951 commemoratis
897 1892 1048 1949 amicitiae
1076 1892 1191 1958 veteris

170 1980 280 2038 officiis
303 1976 485 2037 Autronium
508 1980 675 2056 postulasse
698 1977 867 2055 multosque
891 1981 965 2039 alios
990 1979 1107 2038 adhoc
1132 1981 1192 2037 im-

169 2067 348 2145 petrandum
387 2086 442 2142 pro
479 2086 510 2127 se
547 2069 751 2144 deprecatores
790 2069 959 2129 adhibuisse
994 2087 1048 2128 nee
1085 2071 1192 2128 tamen
1207 2089 1233 2129 so

170 2159 339 2229 extorsisse,
367 2157 401 2214 ut
429 2157 571 2232 patronus
600 2160 628 2218 ei
651 2160 682 2217 et
704 2158 841 2217 defensor
868 2157 1038 2218 adsisteret:
1070 2177 1107 2216 ne
1131 2159 1193 2216 hoc

169 2247 266 2306 dicere
299 2245 485 2306 adversarius
517 2250 630 2322 posset:
663 2239 790 2307 ‘Idcirco
825 2244 1008 2306 Autronium
1044 2265 1104 2305 non
1139 2247 1193 2306 de-

169 2335 305 2408 fendisti,
338 2334 416 2408 quod
448 2353 507 2394 non
539 2338 613 2396 satis
646 2339 749 2414 egerit,
782 2340 817 2395 ut
848 2355 866 2396 a
898 2339 928 2395 te
961 2331 1193 2395 defenderetur.’
1283 2397 1284 2412 ἶ

170 2423 228 2482 Sed
260 2425 287 2484 si
312 2423 367 2482 hoe
399 2424 617 2498 impensissime
645 2426 818 2502 deprecatus
847 2429 893 2484 est
919 2443 973 2484 nec
1002 2427 1192 2501 impetravit,
1283 2423 1284 2438 ¹

169 2512 265 2572 videri
287 2514 349 2570 iam
375 2515 476 2587 potest
502 2513 612 2574 idcirco
635 2514 674 2572 ad
698 2514 913 2574 defendendum
936 2514 1052 2590 Syllam
1074 2515 1192 2589 venire,
1207 2533 1234 2574 2⁵

170 2602 250 2678 quod
272 2602 308 2660 de
332 2602 395 2660 eius
418 2603 590 2662 innocentia
612 2607 710 2664 certus
734 2607 781 2664 sit.

82 2697 97 2758 ἓ
117 2695 158 2743 21.
237 2690 335 2760 Quod
352 2689 509 2767 tandem,
528 2693 723 2769 Torquate,
745 2690 913 2771 regnum?
951 2691 1191 2767 Consulatus,

170 2782 287 2855 credo,
315 2780 396 2853 mei;
428 2780 464 2837 in
493 2800 560 2856 quo
587 2801 651 2860 ego
678 2783 857 2858 imperavi
879 2782 963 2839 nihil.

237 2869 448 2930 damnaturus
466 2871 612 2929 invidiam
626 2872 796 2947 Torquatus
815 2873 846 2929 in
861 2889 1019 2946 personam
1036 2870 1076 2928 M.
1091 2871 1191 2929 Tullii

169 2963 199 3020 et
216 2962 273 3020 hoe
287 2959 411 3031 dixerat,
430 2959 560 3033 quodam
577 2961 665 3019 illum
684 2962 792 3036 spiritu
806 2961 889 3020 velut
906 2962 1008 3038 regiae
1025 2961 1190 3034 potestatis
1206 2979 1234 3019 so

169 3067 338 3125 exposcere,
384 3047 418 3104 ut
459 3047 544 3124 Sylla
588 3052 729 3109 innocens
770 3050 925 3110 iudicetur.
994 3049 1100 3123 Itaque

169 3162 383 3171 ———

238 3226 321 3289 lsqq,
341 3223 376 3289 cf,
396 3216 496 3272 Ascon.
517 3224 616 3285 61,11.

237 3380 457 3434 amultafuitO
516 3380 714 3435 tdamnatiO
774 3382 958 3434 tsanserunt
974 3379 1020 3434 cta
1085 3383 1116 3430 11
1136 3381 1190 3434 lae.

168 3468 216 3504 aa.
237 3452 285 3506 lin.
301 3455 334 3522 -l-
353 3452 406 3524 2¹l,
426 3469 474 3507 ern.
490 3479 524 3498 =
543 3456 579 3506 21
599 3453 649 3507 titt.
674 3453 818 3519 ἑνθὸμημα
838 3453 893 3507 ἀπὸ
912 3456 963 3505 τοῦ
987 3452 1096 3506 τόπουὶ)

170 3527 202 3575 17
224 3523 375 3578 Praecia-
449 3528 483 3577 20
502 3523 758 3591 depraecatoresO
833 3529 867 3576 24
886 3522 1070 3591 depraecatus
1092 3521 1114 3576 O

170 3599 202 3646 31
224 3594 273 3648 lae.
289 3599 306 3649 4
320 3612 368 3650 em.
384 3621 418 3641 =
434 3600 468 3649 10
483 3597 532 3650 litt.
553 3597 580 3650 ἐξ
601 3594 748 3649 isaurico?
