2578 3972
174 207 241 272 284

190 369 310 424 66616661
327 385 381 424 acc.
398 373 502 436 18616.
525 371 577 424 abl.
594 375 656 437 136,

192 446 337 508 13.137,5.

173 511 283 566 Licinia
301 511 394 565 Iunia:
413 511 460 566 lex
474 528 491 565 a
505 512 535 566 L.
547 511 655 566 Licinio

190 583 308 637 Murena
340 584 368 636 et
394 582 428 637 D.
451 583 532 637 Iunio
559 583 656 637 Silano

192 671 260 710 coss.
288 654 406 724 (692162)
434 653 545 724 perlata
572 655 656 722 cavit,

191 741 227 779 ne
256 725 366 778 “clac'
399 725 508 780 aerario
536 725 580 779 lex
614 725 656 779 in·

190 797 312 850 ferretur
329 801 521 862 6666.106,11.

172 869 206 922 Α.
240 868 385 937 (Licinius)
417 867 534 922 Archias
592 871 658 922 oeta

192 939 302 994 celeber
312 956 365 993 666.
375 944 475 1006 160,16.
489 939 519 992 in
529 955 560 992 or
581 939 657 992 inem

192 1011 296 1064 civium
314 1011 392 1064 urbis
405 1009 568 1078 Heracleae,
583 1026 658 1078 quae

192 1082 337 1136 foederata
351 1083 420 1144 erat,
434 1083 574 1150 receptus,
589 1081 658 1150 quia

193 1153 332 1207 aerarium
355 1153 433 1206 illius
458 1153 590 1207 incendio
609 1153 658 1207 de·

193 1225 283 1278 letum
307 1226 362 1293 est,
390 1224 454 1294 lege
472 1222 585 1278 Plautia
604 1223 658 1277 Pa-

193 1295 267 1365 piria
285 1295 346 1349 lata
360 1299 455 1364 (quam
471 1297 507 1364 6.)
521 1312 578 1349 uon
593 1311 658 1363 pro-

191 1368 260 1420 bare
291 1369 387 1436 potuit
418 1382 447 1420 se
480 1367 569 1420 civem
597 1382 658 1421 esse

192 1439 347 1502 dut.159‚s
380 1454 472 1506 neque
493 1438 570 1506 apud
594 1454 658 1490 cen-

193 1527 268 1563 sores
282 1509 357 1563 bona
370 1509 514 1578 professus
529 1511 572 1563 est
585 1526 656 1563 nom.

194 1587 254 1646 162,
267 1596 300 1636 aa.
330 1597 394 1634 reus
422 1579 515 1634 factus
543 1596 659 1633 causam

193 1653 229 1706 de
255 1652 370 1706 civitate
398 1651 474 1720 apud
499 1653 658 1720 praetorem

193 1723 224 1789 Q.
234 1722 395 1777 Ciceronem
407 1722 480 1775 dixit
490 1722 658 1776 defendente

192 1795 230 1849 M.
264 1793 396 1848 Cicerone
438 1810 509 1848 6661.
544 1798 605 1862 169,
623 1807 658 1847 as.

187 1872 333 1936 praeterea
345 1881 444 1920 666666
455 1867 573 1919 occurrit
586 1881 657 1918 6666.

194 1943 298 2002 16211.
322 1955 381 2007 you.
398 1941 501 2002 16616.
525 1937 581 1990 dat.
598 1941 658 2001 164,

193 2024 227 2063 16.
248 2024 302 2062 acc.
319 2013 378 2075 160,
387 2022 421 2061 ae.
438 2013 526 2073 163‚e.

176 2079 204 2134 C.
219 2079 344 2132 Licinius
364 2079 478 2148 (Macer)
497 2076 598 2131 Calvus
617 2080 659 2131 te-

194 2150 325 2204 stimonio
344 2149 374 2203 P.
391 2150 512 2203 Sestium
532 2148 660 2203 defendit

195 2221 358 2292 (scholiasta
381 2223 456 2274 errat
479 2221 575 2274 diceus
594 2236 660 2274 cum

194 2293 349 2348 orationem
375 2310 427 2361 pro
456 2307 488 2345 eo
515 2291 658 2360 habuisse)

193 2382 265 2419 6666.
282 2370 355 2429 8616
369 2365 539 2434 (66666666.ος
558 2365 658 2431 postca

193 2436 223 2490 P.
234 2435 381 2489 Vatinium
408 2434 472 2504 lege
490 2433 600 2486 Licinia
623 2434 659 2486 de

194 2507 338 2560 sodaliciis
363 2505 506 2560 accusavit
527 2504 658 2576 (700J54)3

194 2581 270 2633 errat
296 2581 392 2631 tamen
418 2575 571 2630 scholiasta
595 2593 659 2629 cum

195 2650 273 2703 dicat
287 2648 433 2703 Vatinium
458 2647 516 2700 iam
536 2664 568 2700 eo
586 2649 658 2700 tem·

194 2737 263 2790 pore
295 2723 458 2774 accusatum
493 2734 565 2784 csse,
603 2735 659 2786 quo

195 2793 291 2847 Cicero
311 2808 375 2844 eum
388 2793 490 2844 testem
504 2789 660 2859 interroga-

194 2863 236 2917 vit
262 2864 328 2932 (coil.
349 2861 456 2932 698166)
485 2862 538 2930 666,
559 2865 619 2928 114,
634 2875 659 2914 aa

196 2936 359 3004 (6666666661).
382 2939 484 2999 12216.

177 3007 207 3060 L.
218 3005 343 3059 Licinius
354 3004 470 3058 Crassus
484 3020 548 3056 cum
558 3002 660 3068 6116-

195 3077 239 3131 cie
263 3076 397 3130 Scaevola
419 3076 512 3144 legem
535 3074 570 3128 de
594 3074 661 3127 civi-

194 3148 248 3202 bus
273 3146 434 3217 redigendis
461 3145 530 3199 tulit
552 3145 661 3214 (consul

196 3216 304 3286 669196)
322 3235 393 3272 com.
412 3222 455 3280 88,
466 3232 499 3271 ra.

178 3289 208 3342 P.
228 3287 373 3356 (Licinius)
403 3287 517 3340 Crassus
546 3285 660 3356 (Dives),

196 3359 279 3424 pater
300 3356 452 3422 triumviri,
481 3372 498 3408 a
522 3355 550 3408 C.
570 3356 660 3410 Mario

197 3429 226 3479 at
240 3424 329 3478 Cinna
342 3426 515 3493 proscriptus
529 3426 590 3493 ipse
606 3427 661 3479 sibi

197 3496 315 3546 mortem
356 3494 490 3546 conscivit
534 3497 660 3565 (668186)

197 3564 251 3614 abl.
268 3567 310 3626 92,
321 3576 354 3614 iu.

522 207 639 263 INDEX
659 203 846 266 NOMINUM,

708 369 746 423 M.
772 367 917 439 (Licinius)
946 368 1062 423 Crassus
1091 369 1203 438 (Dives)

727 440 820 494 IHvir
850 440 881 495 P.
906 440 1028 494 Sestium
1062 457 1128 494 cum
1159 441 1200 493 M.

728 511 875 566 Cicerone·
901 512 1030 566 defendit
1068 512 1202 582 (697167)

727 599 799 638 nom.
833 588 876 649 83,
895 598 921 649 6ς
958 584 1089 651 sequenti
1122 600 1200 637 anno

728 654 846 726 (698166)
867 655 1025 708 sententiae
1044 653 1139 708 Crassi
1162 655 1202 708 de

726 725 1201 879 6661661666

729 869 773 922 666
785 885 857 922 amc.
869 873 912 935 30,
920 883 952 922 16.
972 885 1122 935 moresque
1137 884 1201 922 ema

729 937 876 993 denotavit
893 957 953 1010 666.
973 944 1064 1006 90,16.
1091 940 1198 993 iterum

730 1009 828 1064 consul
856 1010 974 1084 (699166)
1002 1010 1093 1080 legem
1123 1010 1201 1065 Lici-

728 1082 806 1134 niam
852 1081 888 1136 de
938 1081 1082 1135 sodaliciis
1105 1082 1202 1146 ¹tulit

730 1155 825 1221 (quam
850 1155 886 1222 6.)
920 1169 993 1208 nom.
1026 1159 1087 1219 126,
1106 1167 1142 1206 61.
1162 1169 1197 1207 ss.

729 1226 877 1279 Praeterea
895 1241 990 1280 omnen
1006 1225 1127 1279 occurrit
1143 1226 1199 1279 abl.

730 1299 773 1360 89,
789 1295 854 1367 (6.)
871 1310 904 1349 16.

712 1367 741 1420 L.
762 1366 908 1436 (Licinius)
931 1366 1065 1420 Lucullus
1089 1366 1125 1419 de
1144 1365 1202 1420 Mi—

729 1436 855 1491 thridate
873 1438 1059 1507 triumphavit
1077 1439 1201 1508 (691163)

730 1514 904 1577 666.161,16.
1046 1553 1049 1560 ,

712 1580 748 1633 M.
765 1579 911 1650 (Licinius)
931 1580 1064 1634 Lucullus
1083 1580 1120 1634 de
1136 1581 1203 1633 Ma-

731 1651 849 1706 cedonia
871 1651 1058 1721 triumphavit
1077 1652 1201 1724 (681176)

731 1728 908 1788 666.161,16.

713 1793 742 1846 L.
757 1792 883 1848 Licinius
898 1795 1015 1847 Murena
1031 1809 1148 1848 causam
1163 1794 1203 1848 de

731 1865 841 1918 ambitu
869 1865 942 1918 dixit
968 1865 1031 1935 lege
1055 1863 1204 1919 Ciceronis
1283 1923 1284 1929 ,

731 1938 760 1989 et
778 1936 896 1990 Antonii
915 1937 1033 2010 (661166)
1051 1953 1124 1990 mm.
1137 1942 1203 2004 166,

731 2022 764 2060 61.
785 2007 913 2062 defendit
927 2024 991 2062 eum
1001 2007 1104 2076 Cicero,
1116 2009 1203 2062 cuius

731 2078 822 2132 oratio
858 2095 910 2148 pro
941 2079 1060 2134 Murena
1096 2078 1205 2133 habita

731 2152 967 2204 commemoratur
1001 2168 1060 2221 yen.
1094 2155 1202 2216 36,16.

732 2225 793 2287 139,
807 2236 841 2276 aa.
875 2224 928 2276 ubl.
959 2227 1003 2290 49,
1017 2236 1050 2275 re.
1085 2227 1148 2290 146,
1163 2237 1202 2276 aa.

731 2309 804 2345 auno
832 2295 897 2362 post
924 2293 1050 2366 (692162)
1078 2293 1206 2348 Murena

732 2363 830 2417 consul
848 2381 913 2418 cum
937 2364 1045 2434 collega
1063 2364 1095 2418 D.
1114 2364 1205 2418 Iunio

732 2433 828 2488 Silano
837 2435 930 2505 legem
940 2434 1204 2490 Liciniamluniam

730 2506 800 2559 tulit
816 2508 911 2575 (quam
930 2509 964 2576 6.)
984 2508 1037 2561 abl.
1053 2511 1162 2572 10616.

712 2576 893 2646 Lilybaeum,
919 2579 986 2632 urbs
1006 2577 1118 2632 Siciliae
1144 2579 1205 2632 661.

733 2654 794 2715 141,
804 2663 838 2702 21.

713 2719 894 2787 Lilybitanus
912 2721 965 2774 obl.
979 2738 1017 2790 66.
1031 2721 1052 2788 1.
1069 2726 1130 2785 141,
1141 2735 1178 2775 aa.

714 2790 751 2844 M.
775 2789 870 2844 Livius
902 2790 1009 2844 Drusus
1038 2791 1099 2845 Sex.
1124 2791 1206 2846 Iulio

733 2860 851 2916 Caesare
877 2862 908 2916 L.
930 2861 1036 2916 Marcio
1063 2862 1205 2932 Philippo

733 2933 941 3004 6666166861)
969 2935 1003 2988 tr.
1022 2933 1060 3003 pl.
1087 2951 1155 2987 cum
1184 2951 1206 2986 a

731 3003 862 3073 partibus
876 3006 989 3059 senatus
1004 3006 1100 3072 staret,
1113 3005 1206 3059 sociis

733 3078 762 3129 et
773 3076 882 3130 Latinis
897 3076 1042 3130 civitatem
1059 3076 1203 3144 promisit.

732 3163 797 3200 cum
821 3147 913 3217 legem
932 3148 969 3200 ad
988 3163 1035 3201 eos
1055 3147 1206 3216 partinen-

732 3220 792 3273 tem
800 3218 1205 3288 noudumpertulisset,inter-

732 3289 823 3343 fectus
852 3292 895 3344 est
922 3290 975 3344 661.
1001 3296 1043 3355 71,
1057 3305 1078 3344 a.
1112 3289 1205 3344 collo-

733 3359 832 3426 quium
850 3361 922 3414 Livii
951 3378 1014 3415 cum
1040 3359 1071 3424 Q.
1093 3359 1205 3414 Granio

732 3429 864 3485 habitum
895 3449 966 3486 6666.
997 3437 1057 3498 164,
1074 3447 1109 3486 16.
1142 3449 1204 3486 voc.

735 3505 794 3567 161,
805 3517 838 3556 se.

714 3569 858 3639 Longinus
876 3572 1036 3628 60666166.
