2554 3978
185 193 227 257 74
576 195 648 250 PRO
672 195 812 250 MILONE

179 363 255 422 lium
272 363 345 422 tulit
362 363 525 442 adgregata
547 364 692 424 bonorum
715 364 906 424 multitudine
925 364 957 422 L.
972 365 1021 424 hic
1039 364 1193 437 Domitius,

181 452 218 511 ad
255 471 343 528 quem
378 453 512 528 loquitur
548 455 578 512 et
615 472 703 528 quem
734 453 800 512 vult
835 455 1068 530 inpraesentia
1097 472 1193 512 rerum

180 541 314 616 exempla
336 542 418 600 illius
441 543 563 617 pristini
586 543 697 620 vigoris
721 544 843 601 imitari

83 637 98 698 9
118 637 159 686 23.
246 628 355 699 Quam
378 630 523 705 obrem,
545 630 698 706 iudices,
720 631 975 706 utaliquando
995 631 1037 690 ad
1056 649 1194 690 eausam

180 721 384 795 crimenque
416 721 614 795 veniamne,
651 722 682 779 si
718 739 830 796 neque
867 722 979 780 omnis
1017 721 1224 780 confessios
1267 726 1269 794 j

179 809 270 868 facti
294 811 350 867 est
371 810 560 868 inusitata.
1266 798 1268 824 ³

245 896 310 956 Hoc
333 900 363 956 et
384 899 429 956 rei
510 917 600 973 quam
620 898 801 971 brevissime,
824 917 901 973 quae
919 916 1010 973 supra
1027 899 1060 956 in
1077 897 1194 956 illarum

179 988 387 1062 quaestionum
417 987 598 1046 refutatione
626 987 766 1046 disseruit
792 989 953 1046 transitum
980 985 1038 1046 sibi
1066 986 1105 1046 ad
1132 1005 1194 1045 nar-

178 1077 325 1134 rationem
347 1094 465 1150 param,
489 1077 537 1135 cui
559 1077 608 1136 hic
630 1076 712 1135 locus
735 1078 909 1152 oportunior
931 1075 1059 1134 dabitur.

81 1171 97 1232 ς
117 1171 159 1220 24.
245 1164 277 1222 P.
293 1163 439 1224 Clodius
463 1183 539 1223 cum
557 1167 752 1224 statuisset
769 1167 865 1224 omni
887 1165 1021 1224 scelere
1039 1166 1076 1222 in
1094 1182 1228 1241 prae-ro
1262 1153 1271 1220 ’,Ῐ

178 1256 260 1312 tura
282 1272 410 1312 vexare
433 1271 505 1312 rem
527 1274 556 1329 p.
1262 1247 1271 1323 s

245 1343 483 1420 Vigilantissime
510 1342 789 1418 praeparationibus
811 1343 958 1402 instructa
985 1343 1121 1401 narratio
1144 1344 1195 1415 est,
1270 1335 1271 1340 ’

178 1433 261 1491 ouius
281 1431 401 1507 quidem
419 1431 580 1491 secundum
598 1450 711 1490 morem
729 1432 787 1491 sibi
807 1431 1077 1491 familiarissimum
1095 1449 1115 1490 a
1133 1450 1195 1508 por·

178 1539 250 1580 sona
264 1523 356 1578 sumit
370 1521 531 1594 exordium,
549 1539 625 1595 quae
644 1521 803 1596 disciplina
815 1520 945 1579 habilior
958 1520 996 1579 ad
1010 1520 1195 1579 docilitatem

177 1609 209 1667 id
241 1612 286 1668 est
318 1605 399 1682 πρὸ(
506 1609 632 1667 videtur.
684 1608 908 1668 Consideremus
939 1611 1042 1684 itaque
1067 1609 1104 1667 ad
1131 1626 1228 1668 eon-1⁵

177 1699 322 1756 iecturam
349 1697 499 1774 duplicem
525 1699 569 1756 sic
596 1699 815 1775 praemunitam
837 1694 991 1772 διήγηειν,
1019 1700 1108 1756 utet
1133 1717 1196 1774 per·
1270 1691 1271 1696 ’

178 1805 279 1846 sonam
296 1786 328 1845 P.
345 1785 430 1846 Olodi
448 1786 487 1845 ad
504 1786 644 1847 locandas
662 1789 784 1846 inimico
802 1787 927 1846 insidias
946 1787 1085 1846 idoneam
1104 1787 1197 1846 faeiat
1270 1783 1271 1860 j

178 1877 208 1934 et
222 1893 325 1934 causas
339 1876 469 1934 faciendi
483 1876 666 1935 validissime
679 1878 810 1935 instruat
826 1879 856 1934 et
871 1877 930 1934 alia
949 1877 1062 1934 semina
1081 1876 1197 1934 futura·

176 1984 244 2024 rum
267 1966 475 2040 quaestionum
499 1965 537 2022 ad
559 1965 760 2024 defensionem
778 1964 899 2023 Milonis
922 1966 1141 2041 pertinentium
1164 1960 1197 2024 ἐκ

176 2052 235 2112 τοῦ
325 2056 513 2130 praemuniat
536 2054 748 2128 sollertissime,
771 2056 863 2128 utque
885 2055 930 2112 ita
952 2052 1125 2112 moderatus
1145 2071 1230 2112 neore

176 2141 239 2200 ullo
254 2143 451 2202 emolumento
468 2145 645 2219 provocatus
660 2137 762 2220 (non)
781 2144 966 2201 existimetur
983 2141 1060 2200 illud
1079 2142 1196 2202 facinus

177 2232 331 2309 cogitasse.
383 2230 465 2290 Haec
493 2231 644 2307 explorato
671 2250 725 2307 per
740 2231 844 2290 ‘totum
868 2249 986 2290 cursum
1013 2233 1196 2290 narrationis
1270 2293 1271 2298 ,

176 2320 263 2378 istius
279 2322 309 2378 et
321 2321 416 2379 multo
430 2320 521 2379 altius
536 2319 652 2380 adiecta
667 2321 846 2398 cogitatione
864 2321 997 2378 invenies
1011 2321 1056 2378 ita
1070 2322 1196 2392 narrari,

176 2409 211 2466 ut
234 2410 263 2466 et
285 2408 362 2467 hano
384 2410 573 2481 relationem,
597 2411 645 2467 eui
667 2409 776 2484 duplex
799 2410 967 2468 coniectura
990 2408 1044 2468 sub
1070 2451 1123 2466 ...

500 2496 630 2571 (Desunt
657 2497 706 2558 VI
718 2497 871 2572 popinae.)
1210 2515 1232 2554 re
1270 2489 1271 2562 Ῐ

79 2594 156 2654 528.
319 2588 422 2664 genter
542 2585 638 2644 Simul
666 2589 696 2645 et
723 2586 761 2645 ad
788 2587 988 2646 innocentiam
1015 2586 1139 2646 Milonis
1168 2592 1198 2646 et
1270 2583 1271 2594 ’

176 2674 214 2734 ad
244 2676 455 2753 cogitationem
482 2675 657 2734 sceleratam
679 2674 711 2733 P.
735 2673 832 2734 Olodii
855 2676 975 2734 ferenda
997 2678 1198 2750 praestructio

176 2795 390 2806 ......-....—

244 2868 257 2915 1
287 2863 448 2933 adgretaO
488 2862 603 2916 adorata
621 2880 648 2917 m
725 2863 984 2931 apraesentiarum
1001 2879 1096 2917 rerum
1117 2865 1197 2928 Orno,

175 2950 243 2989 corr.
256 2933 294 2988 Or
356 2932 426 2988 lacti
440 2936 483 2987 est
497 2934 573 2989 codd.
585 2935 639 2989 Oic.
654 2932 728 2987 facie
743 2933 780 2987 sit
795 2934 819 2989 O
894 2939 909 2987 7
925 2935 974 2989 lac.
986 2940 1001 2988 1
1011 2952 1060 2989 cru.
1072 2937 1107 3002 -1-
1118 2941 1136 2990 4
1147 2937 1195 2990 lin.

176 3007 451 3072 †2crn.=781c'tt.
525 3005 857 3061 sausesuwtorse
931 3011 963 3059 10
983 3006 1132 3062 omneOm

178 3081 210 3129 14
226 3074 258 3143 (1·
316 3081 348 3129 15
363 3077 413 3131 lac.
423 3075 472 3147 57,
484 3093 572 3130 cm.=
584 3081 618 3131 13
629 3078 679 3132 sicr.
690 3075 824 3143 educetur
833 3078 970 3147 scppl.Zp
1025 3082 1057 3131 lu
1069 3079 1196 3145 διήγηαν

175 3147 218 3217 Zp
273 3147 1195 3218 A...tl...alteralcc.2,ultera2¹l‚ora.corrtiaet,epctic

176 3219 459 3288 litt.ecppl.coaprcc
512 3219 743 3287 uterpersonaO
803 3224 835 3271 1⁷
854 3218 1022 3275 inimicosO
1093 3225 1128 3272 20
1143 3221 1194 3274 lac.

176 3289 237 3357 5-1-
250 3288 300 3359 47,
312 3305 360 3343 cm.
372 3314 405 3334 =
415 3292 452 3343 23
462 3289 513 3343 lira
527 3293 678 3357 upocdmou
694 3294 739 3344 καὶ
753 3293 784 3344 ἐκ
797 3295 849 3357 τῆ(
863 3291 969 3345 αἰτίαεῖ
1009 3293 1117 3357 atquae
1131 3292 1154 3346 0

174 3359 336 3412 moderetur
357 3359 394 3414 Or
416 3360 541 3413 moratus
562 3361 594 3416 St
665 3377 699 3414 ne
720 3360 758 3415 Or
847 3361 1126 3417 21molument00

175 3428 288 3486 illutO
364 3436 398 3484 24
427 3429 492 3499 subt!
517 3432 540 3486 O
561 3431 657 3486 subest
676 3449 719 3487 mo
799 3438 833 3486 26
860 3433 973 3502 „genter
997 3433 1020 3488 O
1041 3431 1195 3502 diligenter

174 3502 217 3623 Zp
230 3500 373 3624 viqcentqr
381 3501 424 3628 S}
468 3504 517 3556 lac.
528 3508 545 3557 4
556 3505 588 3572 †
599 3509 616 3558 4
626 3521 674 3558 cru.
681 3529 714 3548 =
725 3507 760 3558 18
769 3505 821 3558 litt.
832 3505 1141 3571 rporcpucreudlerur?

179 3578 194 3624 2
236 3587 266 3625 re
280 3588 384 3626 erena
423 3579 434 3627 t
