2554 3978
531 227 684 289 §re-er.
815 203 818 210 ’
1067 217 1110 286 53

247 391 436 470 Negotialcm
467 391 725 469 quaestiunculam
751 389 825 448 facit
855 391 1038 465 proponente
1061 389 1111 446 ad·
1146 431 1150 442 ,

94 483 228 541 versario
253 479 415 540 inciviliter
442 480 535 560 egisse
562 481 718 554 Flaccum,
746 478 825 556 quod
851 476 930 538 bona
958 477 1112 536 cuiusdam

93 570 236 629 Valeriae
253 567 424 646 possederit,
447 589 525 646 quae
543 568 679 628 Androni
698 567 847 641 satollia
867 565 976 625 marito
994 585 1057 644 suo,
1080 567 1112 625 in

95 678 218 717 manum
250 660 437 718 convenerat.
489 659 554 718 Ho'c
587 660 687 717 autem
717 657 791 716 iuris
822 655 1047 729 observabatur,
1079 657 1114 712 ut

68 749 160 807 eloco
200 747 344 806 filiarum
366 747 557 822 haberentur,
599 766 676 824 quae
711 747 744 804 in
779 765 901 804 manum
936 745 1009 804 viris
1046 762 1113 803 con-

93 836 255 896 venissent.
295 837 408 895 Verum
429 836 488 896 fuit
509 836 582 896 haec
600 835 723 894 Valeria
745 834 789 894 de
804 834 919 893 libertis
942 833 1055 906 Flacci,
1079 851 1141 890 ac·
1206 856 1210 884 :

92 927 253 1002 propterea
269 927 303 983 in
325 925 463 1004 legitima
483 926 579 985 tutela
602 927 688 1001 quasi
711 926 785 1000 aput
807 926 968 1001 patronum
985 917 1113 982 habeba-

93 1016 157 1090 tur,
190 1032 243 1072 nec
265 1014 360 1074 videri
386 1017 506 1090 poterat
531 1016 596 1073 iure
622 1016 654 1071 in
684 1032 806 1072 manum
829 1013 1026 1100 convenisse,
1046 1030 1113 1069 cum

91 1104 142 1162 hic
167 1104 195 1160 ei
217 1105 301 1162 tutor
322 1104 473 1181 legitimus
496 1105 600 1162 auctor
622 1102 803 1178 nonifuerit,
827 1104 856 1160 et
878 1101 945 1160 ideo
963 1099 1113 1159 hereditas

53 1213 80 1252 ro
94 1192 133 1251 ad
154 1193 296 1251 Flaccum
318 1192 453 1270 legitimo
476 1194 541 1251 iure
565 1193 741 1268 pervenerit.

162 1290 210 1348 At
245 1291 353 1350 istius
374 1290 613 1349 'hereditatis
649 1291 720 1348 iam
756 1284 910 1348 Globulo
946 1289 1210 1363 praetoressco.

91 1379 219 1438 Flacci
241 1380 383 1438 nomine
405 1381 524 1454 petita
546 1380 727 1456 possessio
745 1380 812 1462 vest.
921 1395 922 1400 ’

161 1477 325 1552 Responsio
366 1479 470 1536 contra
509 1477 586 1536 illud
626 1476 796 1550 adhibetur,
842 1475 921 1552 quod
962 1476 1116 1534 accusator

93 1565 257 1639 obiecerat,
280 1586 340 1624 non
363 1566 498 1626 debuisse
520 1568 618 1642 ipsum
641 1565 782 1624 Flaccum
804 1564 840 1623 de
863 1582 953 1624 causa
975 1583 1037 1638 sua,
1060 1563 1116 1622 hoc

53 1674 79 1714 15
95 1658 142 1714 est
174 1655 340 1720 hereditate
372 1655 411 1714 ad
438 1674 468 1715 se
493 1656 655 1732 pertinenti
682 1653 827 1728 iudicare,
861 1654 1002 1730 quoniam
1029 1672 1116 1710 nemo

92 1745 136 1803 sit
162 1742 265 1818 iudex,
296 1745 349 1819 qui
380 1744 416 1802 de
447 1746 567 1822 negotio
596 1762 648 1804 suo
676 1763 736 1803 non
763 1744 807 1802 ita
834 1743 959 1816 iudicet,
990 1743 1026 1800 ut
1059 1741 1117 1800 sibi

94 1833 287 1909 potissimum
301 1833 410 1892 faveat.
443 1834 550 1910 Itaque
630 1834 735 1891 intulit
747 1833 952 1908 plurimorum,
970 1832 1030 1907 qui,
1050 1849 1117 1889 cum

93 1923 266 1996 provincias
303 1922 562 1996 administrarent,
597 1921 777 1981 hereditates
809 1920 867 1980 sibi
898 1919 1117 1979 vindicaverint

94 2013 127 2068 et
236 2010 289 2068 alii
317 2030 407 2086 quam
433 2011 557 2086 plurimi
583 2011 765 2070 vindicaturi
792 2005 866 2083 sint,
898 2008 1005 2084 quibus
1035 2009 1118 2067 simi-

52 2118 78 2156 so
92 2100 168 2156 liter
190 2096 351 2158 obvenerit.
398 2099 456 2159 Sed
482 2102 518 2158 ut
540 2100 621 2158 omni
642 2099 758 2158 invidia
784 2098 962 2157 liberaretur
983 2097 1117 2170 Flaccus,

94 2188 140 2246 ait
173 2187 205 2245 P.
230 2185 402 2262 Globulum,
439 2189 621 2249 decessorem
651 2189 746 2262 illius,
784 2187 819 2246 de
855 2189 992 2264 portione
1027 2187 1116 2244 huius

92 2276 272 2336 hereditatis
305 2280 374 2336 ante
407 2278 567 2336 adventum
603 2277 702 2336 Flacci
734 2277 893 2354 iudicasse,
931 2294 989 2351 quo
1021 2277 1116 2352 magis

93 2367 243 2440 appareat
277 2365 353 2424 nihil
388 2367 536 2426 incuriose
572 2366 735 2439 decretum,
773 2384 840 2424 cum
875 2365 907 2423 id
938 2365 1118 2424 iudicaverit

93 2455 234 2528 Flaccus,
266 2454 345 2529 quod
376 2455 482 2515 fuisset
513 2456 611 2530 quivis
644 2455 734 2530 alius,
766 2455 792 2514 si
824 2454 860 2513 de
893 2453 996 2512 eadem
1028 2472 1117 2512 causa

52 2545 297 2627 recognosceret,
319 2543 511 2603 iudicaturus.

163 2639 218 2699 An
240 2641 443 2718 legationes
466 2640 622 2701 liberas?
1136 2641 1212 2702 §86-

164 2731 224 2789 ltas
248 2747 326 2788 nunc
349 2733 529 2790 commeatus
554 2731 747 2806 appellamus.

162 2828 264 2886 Nunc
287 2827 438 2903 denique
466 2829 686 2887 materculae
710 2846 793 2887 suae
821 2828 975 2886 festivus
998 2826 1117 2900 filius,
1136 2827 1151 2887 ἕ
1171 2825 1212 2874 91.

95 2917 265 2976 aniculae
310 2917 454 2976 minime
499 2919 736 2992 suspiciosae,
790 2918 922 2994 purgat
972 2933 1006 2974 se
1056 2933 1117 2990 per

54 3007 301 3083 soepistulam.

166 3199 179 3245 1
201 3193 252 3248 loc.
261 3209 309 3246 aa.
321 3194 369 3247 lic.
380 3194 413 3261 -l-
428 3192 480 3264 27,
492 3210 541 3268 σπι,
551 3220 585 3238 =
599 3198 637 3248 22
648 3195 698 3248 b'tt.
714 3193 824 3260 ζήτημα
839 3193 1049 3260 πραγματικόνῖ

96 3315 246 3370 tSextilio
261 3317 399 3372 coddoic.
457 3324 487 3370 11
499 3317 571 3372 adO
624 3322 656 3370 14
672 3317 872 3371 obieeratOmo
911 3267 1070 3371 FCBHlSSG

97 3393 129 3441 17
147 3388 719 3457 lac.5†lcm.=16bttaopubetrporu?
775 3393 807 3440 19
823 3388 872 3442 loc.
883 3389 970 3442 stetui
979 3385 1115 3510 Smimine

96 3459 223 3526 dubitat,
243 3459 352 3532 quin>?
402 3459 441 3513 ali
461 3461 537 3526 Ome,
560 3461 666 3514 correxi
684 3460 742 3514 coll.
764 3464 824 3526 104,
837 3464 876 3514 22
922 3461 951 3512 et
974 3457 1116 3530 ai<berta

97 3533 240 3600 arreptam
254 3530 441 3584 hereditatem
455 3529 604 3603 defendit>
615 3547 700 3598 quam
710 3531 767 3585 Leo
831 3535 865 3582 23
879 3529 1019 3583 dicauerit
1033 3529 1057 3582 0

97 3607 132 3655 26
157 3601 313 3672 legationes
333 3617 441 3655 sumere
459 3600 562 3655 liberas
581 3603 657 3657 codd.
674 3601 728 3656 cu.
804 3606 837 3654 28
856 3600 955 3654 festius
976 3598 999 3653 O
