2554 3978
491 254 507 314 ᾖ
527 251 676 303 tae-131.
1023 246 1086 311 103

140 409 405 490 Ἐνκωμιαετικῶ(
437 416 472 474 19
505 415 556 474 09.
587 415 742 493 Pompeio,
779 433 867 492 quem
903 417 1021 475 constat
1051 431 1087 474 ex

75 504 178 564 Africa
206 507 274 580 post
296 523 469 580 oppressum
492 505 659 564 Domitium
683 503 907 581 (119999999999
934 505 1087 583 fugitivos,

74 613 107 651 er
134 593 232 652 Ponto
263 595 351 653 victis
378 591 553 653 Mithridate
580 597 611 654 91
637 595 740 668 sociis,
773 594 809 653 de
841 593 988 670 Hispania
1018 597 1087 669 post

75 685 203 742 occisum
232 683 266 752 Q.
290 682 455 742 Sertorium
485 685 516 742 et
542 699 716 760 oppressum
737 683 777 741 M.
796 683 976 759 Perpernam
1002 681 1087 742 Lusi·

51 773 211 847 stanisque
233 773 321 831 victis
343 772 522 832 1919919999.

136 860 189 918 119
213 862 292 936 9919
316 861 356 920 19
379 862 478 920 99919
502 864 672 920 servaret.

136 949 396 1026 Undiquerersum
420 991 475 1023 ...,
499 947 555 1009 boo
574 953 619 1010 991
636 950 749 1009 iudicia
766 950 902 1026 publicae
922 949 1087 1008 voluntatis

73 1038 106 1097 de
128 1058 159 1098 99
183 1039 289 1098 habita
312 1040 473 1117 congregat
495 1041 526 1098 et
548 1040 699 1098 inlustrat.
744 1039 827 1098 Inter
850 1057 926 1115 quae
948 1039 1035 1114 ponit
1057 1041 1088 1096 et

71 1127 124 1187 hoc
138 1146 205 1188 esse
219 1128 377 1202 decretum,
395 1146 432 1186 99
451 1128 487 1186 19
504 1129 586 1186 caelo
600 1129 777 1203 servaretur,
796 1129 939 1203 quoniam
952 1127 1088 1186 solebant

38 1219 204 1276 coactiones
225 1216 373 1292 impediri,
396 1218 423 1275 91
444 1217 546 1294 fulgur
567 1218 757 1276 nuntiaretur
774 1218 823 1276 rel
846 1218 965 1276 ostentu
985 1217 1087 1292 aliquo

71 1305 282 1364 dirimerentur
304 1325 353 1379 ea,
376 1324 452 1382 quae
475 1306 514 1364 ad
535 1306 680 1382 populum
703 1303 882 1365 ferebantur.

134 1395 257 1470 Atque
292 1393 397 1469 idem,
439 1394 483 1453 ad
517 1413 572 1454 res
609 1395 795 1454 redeuntis
832 1396 871 1453 ut
906 1395 1086 1469 venirent,

71 1487 297 1562 rogarentur.

135 1572 228 1632 09919
263 1591 332 1648 pars
369 1573 441 1631 anni
477 1571 703 1646 observabatur,
739 1591 800 1648 999
834 1571 911 1630 nihii
946 1573 979 1630 19
1015 1571 1087 1631 urbe

38 1677 59 1716 (9
71 1664 238 1739 gereretur,
262 1662 342 1738 9991
365 1661 471 1720 adres
494 1661 649 1720 iudiciales
673 1663 704 1719 et
721 1662 909 1739 negotiorum
931 1660 1087 1720 sollemnia

69 1752 242 1826 pertineret
297 1751 380 1809 ’1999
411 1751 505 1829 igitur
536 1750 666 1826 prolatio
698 1768 798 1809 rerum
828 1749 894 1808 fieri
925 1749 1087 1824 dicebatur,

70 1859 125 1914 quo
157 1843 295 1915 tempore
327 1841 430 1898 exacto
461 1858 560 1898 rerum
592 1841 676 1898 actus
712 1837 843 1913 redibat,
879 1839 911 1898 id
942 1841 1000 1914 est,
1037 1841 1088 1917 agi

70 1931 168 1989 omnia
204 1929 364 1988 secundum
396 1929 514 1987 civilem
547 1927 789 1988 consuetudinem
821 1930 852 1988 et
883 1929 1011 1987 exerceri
1042 1929 1086 1986 in-

70 2018 231 2093 cipiebant.
276 2017 359 2077 Dicit
385 2035 456 2095 ergo
484 2035 554 2077 suae
582 2017 739 2096 dignitatis
767 2035 857 2076 causa
884 2019 915 2076 et
941 2017 998 2076 hoc
1024 2035 1086 2077 esse

38 2107 234 2182 aodecretum,
267 2108 302 2165 91
332 2106 500 2166 instaurato
531 2125 631 2165 rerum
662 2107 733 2165 actu
759 2108 837 2166 cives
865 2106 991 2165 Romam
1018 2123 1086 2165 con·

71 2198 215 2270 venirent,
239 2197 291 2271 qui
313 2195 464 2254 decretum
487 2195 523 2253 de
546 2214 600 2254 999
622 2196 813 2254 restitutione
835 2194 997 2254 firmarent.

132 2285 271 2344 Mecum
292 2283 417 2344 absens
440 2283 622 2343 beneficio
645 2302 707 2343 999
729 2284 843 2343 rediit
864 2285 1084 2362 ingratiam.
1105 2288 1192 2349 §130-

134 2375 233 2450 Saepe
269 2372 382 2432 dictum
418 2375 464 2432 est
495 2371 528 2441 Q.
555 2372 711 2432 Metellum
741 2373 902 2448 Nepotem,
939 2374 992 2449 qui
1027 2373 1086 2433 dis-

70 2465 202 2523 senserat
225 2481 243 2520 9
265 2461 305 2520 M.
328 2462 428 2520 Tullio
451 2481 546 2538 nuper
567 2463 600 2520 in
621 2461 786 2536 tribunatu,
809 2464 914 2538 postea
936 2463 1086 2522 consulem

37 2565 58 2605 9
71 2551 212 2628 depositis
249 2552 415 2610 inimicitiis
451 2552 676 2610 reconciliatum
712 2570 772 2609 non
809 2550 973 2624 obstitisse,
1014 2571 1086 2627 999-

70 2643 166 2700 minus
191 2640 230 2700 ab
252 2640 340 2698 exilio
363 2639 560 2699 reduceretur.

134 2728 391 2788 Gratissimum
413 2728 524 2787 fratri
546 2747 608 2788 suo
631 2729 729 2787 fecit.
1104 2731 1192 2791 5131.

135 2817 170 2887 Q.
194 2811 308 2878 scilicet
339 2817 460 2876 Metello
489 2816 593 2891 Celeri,
626 2819 679 2892 991
710 2817 845 2893 proximo
878 2818 1008 2875 triennio
1036 2817 1085 2874 de-

71 2910 198 2966 cesserat
219 2907 327 2966 infami
349 2907 441 2965 etiam
459 2908 555 2965 morte
573 2907 609 2965 de
628 2905 778 2980 veneficio,
802 2907 882 2982 quod
900 2907 928 2964 ei
946 2907 1085 2981 paratum

136 3065 151 3112 1
177 3057 280 3130 CNJKC
300 3059 400 3112 ...ΤΙ
492 3057 512 3112 C
531 3059 595 3112 1999.
610 3075 671 3112 cwm
690 3058 845 3126 1111919991.
860 3064 1015 3128 9999999991

73 3135 87 3182 1
113 3128 356 3199 Oleppianosquae
375 3130 399 3184 0
419 3127 643 3198 Oleppiauoeque
664 3145 720 3194 mo,
743 3145 811 3184 corr.
833 3129 870 3183 Or
947 3133 963 3182 3
991 3144 1025 3182 ex
1042 3145 1085 3183 mo

73 3202 142 3256 910
210 3199 307 3255 9191191
326 3201 350 3255 0
369 3199 443 3254 victo
461 3216 518 3267 mo,
536 3216 604 3255 corr.
619 3201 707 3254 Hobn
778 3199 943 3253 Mithridate
965 3199 1088 3255 1999910

73 3270 234 3326 Mithridate
253 3287 318 3341 rege
336 3288 379 3326 mo
397 3270 570 3325 Mithridatis
589 3270 678 3341 copiis
696 3273 784 3326 Halm
807 3270 991 3324 Mithridatae
1008 3273 1050 3325 991

73 3342 230 3398 Mithridati
244 3341 333 3412 copiis
346 3343 389 3481 Zp
452 3343 777 3398 71994999ε101111.
841 3348 874 3395 10
889 3345 999 3396 9919919
1012 3341 1050 3397 Or

73 3413 224 3481 1111111011·
306 3419 338 3467 11
477 3420 510 3467 12
534 3414 626 3483 91999
650 3415 698 3469 099
771 3419 805 3466 14
828 3413 992 3467 obseruator
1012 3414 1085 3479 Omo,

73 3503 138 3540 corr.
149 3486 188 3542 Or
261 3489 293 3538 18
311 3484 468 3553 incipiebat
485 3486 558 3551 Coeo,
576 3485 692 3540 999901
763 3490 797 3538 20
816 3484 973 3538 instaurato
991 3499 1085 3537 rerum

74 3557 194 3613 actiones
210 3557 240 3622 0,
253 3572 322 3611 coer.
332 3557 390 3610 Leo
407 3555 564 3609 instaurata
578 3571 670 3609 rerum
685 3555 795 3609 actione
808 3572 851 3609 mo
891 3555 981 3606 Roma
997 3554 1021 3608 0

75 3633 106 3681 28
125 3627 154 3695 Q.
173 3645 217 3684 mo
272 3627 387 3696 99990
466 3632 499 3680 29
518 3626 699 3681 1999119190
