2510 3970
495 236 510 296 i
529 235 642 284 85-99.
1009 229 1073 295 149

40 398 188 462 alterum
234 416 253 456 a
295 395 423 458 Gabinio
466 400 581 458 venisse
626 397 790 477 signifieat,
836 399 950 458 scilicet
995 399 1075 474 quod

37 507 158 565 regem
181 486 388 546 Ptolemaeum
415 489 544 563 acceptis
572 488 672 551 decem
694 487 828 548 millibus
850 488 999 547 talentum
1020 507 1075 563 per

38 578 112 636 vim
151 577 316 636 militarem
347 579 492 636 exercitus
520 577 648 637 Romani
679 579 860 637 restituisset
885 578 918 636 in
949 596 1074 654 regnum

39 684 151 726 suum.
210 665 250 724 st
280 667 370 732 simul
401 667 434 725 in
465 666 521 725 hoe
553 667 764 743 epichiremate
796 665 918 726 adhibet
949 665 1074 725 eundem

5 775 20 814 s
40 756 188 816 colorem
211 756 271 813 iam
295 753 352 818 sibi
374 756 407 813 in
429 755 532 820 multis
556 754 740 815 orationibus
767 755 1002 831 frequentatum,
1030 754 1074 813 id·

40 847 132 904 circo
164 861 197 902 se
224 843 325 903 cedere
352 842 426 902 urbe
452 845 605 920 maluisse,
638 863 674 904 ne
703 843 776 920 quid
802 844 960 904 seditiosae
989 843 1074 903 dimi-

38 934 186 994 cationis
210 950 277 991 cum
298 933 462 992 multorum
485 935 576 993 exitio
599 936 776 994 moveretur.

118 1020 234 1090 Quem
265 1021 407 1097 quidem
442 1022 600 1082 saltator
631 1024 697 1082 ille
731 1020 914 1082 Catilinae
946 1022 1167 1088 consult&-

40 1109 343 1189 proscribtionis
366 1110 646 1170 denuntiatione
668 1111 839 1170 terrebat.

3 1220 23 1258 o
119 1193 224 1258 ’lbiwc
254 1218 308 1274 pro
337 1200 484 1259 stomachi
510 1203 557 1259 sui
584 1200 747 1261 acerbitate
775 1198 936 1259 Gabinium
962 1201 1076 1259 lacerat

40 1289 145 1366 quasi
163 1287 296 1347 famosae
314 1288 520 1365 inpudicitiae,
539 1309 627 1365 quem
642 1291 817 1349 minitatum
830 1289 1075 1366 proscribtionem

40 1377 191 1454 equestri
217 1377 314 1436 ordini
343 1380 500 1454 eapropter
524 1379 610 1454 dicit,
638 1379 717 1455 quod
744 1379 826 1439 illius
850 1379 946 1437 edicto
970 1378 1076 1437 fuisset

39 1467 78 1526 L.
101 1465 215 1524 Aelius
238 1457 326 1542 eques
349 1466 393 1541 R,
417 1469 465 1526 cui
487 1467 646 1527 familiaris
670 1469 804 1527 amicitie
827 1486 894 1527 cum
916 1467 956 1526 M.
975 1467 1075 1526 Tullio

42 1557 167 1628 fuerat,
191 1555 348 1633 relegatus.
646 1614 648 1618 .

1 1663 25 1702 ιε
120 1643 351 1704 Iustissimos
374 1646 529 1704 omnium
546 1646 775 1704 Metellorum
794 1647 829 1704 et
847 1645 1070 1704 clarissimos
1091 1650 1106 1710 ξ
1125 1649 1167 1698 89.

41 1732 262 1808 triumphos
290 1734 409 1811 gloria
436 1735 470 1792 et
492 1734 598 1792 laude
622 1736 817 1811 superavit.

123 1819 202 1880 (lum
225 1824 319 1881 semet
340 1823 440 1899 ipsum
461 1825 686 1906 praepositurus
710 1825 751 1882 sit
774 1823 807 1893 Q.
825 1823 947 1882 Metello
970 1822 1076 1882 Numi-

44 1912 136 1985 dicO,
166 1912 197 1968 et
218 1911 306 1969 illum
328 1912 429 1970 tamen
453 1913 653 1988 copiosissime
680 1912 786 1971 laudat
813 1915 844 1971 et
867 1911 905 1971 ad
928 1911 1077 1988 quoddam

46 1999 214 2080 egregium
239 2001 388 2075 specimen
415 2002 537 2061 virtutis
566 2001 742 2078 amplificat,
775 2000 855 2078 quod
881 2002 1022 2060 maluerit
1044 2003 1077 2060 in

1 2109 29 2148 ao
46 2090 182 2149 exilium
204 2082 291 2167 (ire)
314 2108 404 2165 quam
426 2091 525 2149 iurare
547 2091 580 2148 in
604 2093 754 2168 agrariam
781 2092 877 2169 legem
899 2088 1014 2149 tribuni
1036 2091 1076 2165 pl.

46 2178 168 2256 Apulei
193 2176 357 2238 Satinnini.
401 2178 514 2238 Verum
537 2178 607 2254 sibi,
635 2181 670 2238 ut
693 2199 849 2257 coeperam
876 2179 985 2254 dicere,
1012 2180 1076 2256 ipse

48 2268 177 2326 Tullius
212 2268 374 2326 maximam
410 2266 530 2327 laudem
561 2270 758 2344 praestruxit,
795 2271 848 2346 qui
881 2269 919 2327 ad
949 2268 1077 2326 tutelam

47 2357 164 2418 salutis
192 2354 330 2430 publicae
356 2357 536 2432 patientiam
563 2357 707 2418 discessus
733 2358 830 2432 illius,
858 2359 994 2434 quamvis
1017 2376 1077 2416 non

47 2445 202 2506 mediocri
225 2463 292 2504 cum
315 2445 429 2520 dolore,
457 2448 632 2522 susceperit,
659 2448 694 2505 ut
716 2447 812 2507 multo
836 2448 875 2506 sit
897 2444 1078 2504 laudabilior

6 2551 32 2591 ss
47 2533 191 2608 Metello,
215 2534 267 2609 qui
289 2553 350 2593 non
371 2536 435 2593 tam
457 2554 512 2610 pro
536 2537 639 2614 vigore
662 2537 827 2596 sententiae
851 2554 921 2595 suae

389 2667 520 2741 (Decimi
541 2669 584 2727 II
597 2668 751 2744 popinae.)

124 2845 178 2860 ...
205 2800 416 2860 miserabiliter
438 2801 645 2880 intellegatur,
673 2802 770 2878 qualis
794 2801 886 2860 ferme
908 2802 1076 2879 lugentium
1096 2803 1111 2863 i
1131 2803 1172 2850 99.

48 2909 179 2951 maeror
201 2892 254 2965 est,
278 2909 351 2966 quos
374 2892 504 2967 impetus
527 2892 638 2950 nimiae
660 2892 801 2951 karitatis
825 2891 965 2969 exagitat.

125 3083 191 3146 2sq.
211 3078 245 3144 cs.
266 3076 321 3130 Cic.
340 3094 391 3145 pro
410 3077 505 3131 Rabir.
525 3077 600 3132 Post.
615 3083 640 3144 8,
651 3083 693 3131 21.

126 3151 161 3201 12
171 3164 226 3217 sqq.
245 3149 279 3216 cf.
299 3147 354 3202 Cio.
374 3148 404 3200 in
422 3147 477 3201 Pis.
499 3153 594 3217 aaut.
622 3149 723 3203 Asson.
744 3153 768 3218 9,
787 3155 812 3203 4.

126 3225 225 3288 19sqq.
245 3220 279 3287 cf.
299 3218 354 3274 (lic.
374 3237 425 3289 pro
445 3218 536 3273 Sestio
556 3225 651 3288 16,37.

123 3397 379 3467 »topiciremateG
445 3397 605 3452 tsecedere
618 3414 670 3465 mo,
683 3414 752 3453 corr.
765 3397 803 3453 Or
848 3399 1016 3454 seditioseO

55 3477 89 3525 12
106 3470 185 3524 dicto
202 3470 225 3524 0
296 3474 328 3522 13
343 3468 532 3537 Milites-R·
553 3468 671 3523 illustris
686 3485 771 3537 eques
785 3469 817 3523 R.
833 3469 866 3524 St
937 3475 970 3524 16
984 3469 1076 3538 gloria

54 3545 86 3596 et
105 3540 192 3595 laude
208 3540 380 3596 &crotonias
398 3539 505 3610 gloriae
523 3539 608 3594 laude
623 3542 647 3597 0
662 3541 739 3595 codd.
749 3541 803 3596 θέε.
885 3545 919 3593 20
934 3540 1018 3612 (ire)
1033 3555 1076 3594 ceo

55 3611 143 3686 (ire)
154 3612 185 3667 iu
199 3610 313 3666 exibam
323 3611 355 3666 St
418 3617 451 3666 23
466 3611 614 3681 publicet*
672 3616 705 3665 27
720 3611 889 3682 liserabiliter
899 3613 923 3667 0
933 3613 1023 3680 suppl.
1033 3626 1076 3665 mo
