2554 3978
308 226 379 281 Pno
402 226 550 282 uuonn.
587 227 855 282 naconunrsn.
1051 229 1091 292 ot

75 397 208 472 agitabis
237 395 275 454 ad
298 395 431 455 Bovillas
459 398 492 454 in
519 398 717 472 cauponulam
744 397 894 473 quandam
917 397 948 455 P.
973 395 1093 456 Clodius

75 485 193 564 fugiens
217 484 397 544 concederet.
443 483 537 554 Quem
566 488 660 544 secuti
686 505 746 545 non
774 503 828 544 sua
855 489 973 561 sponte,
1006 489 1094 545 utin

74 574 131 632 hac
155 572 325 632 defensione
349 573 464 633 Tullius
488 575 622 651 loquitur
644 593 701 650 pro
725 576 772 633 sui
795 573 887 634 officii
909 577 1094 649 necessitate,

74 662 127 720 sed
155 663 239 720 iussu
267 662 392 737 domini,
423 665 476 738 qui
507 663 563 722 hoc
589 665 718 721 maxime
745 662 984 739 praeoptaverat,
1016 666 1095 723 servi

48 751 197 810 sMilonis
224 753 445 811 interemerunt.
492 751 563 811 Post
590 752 669 826 quod
699 753 814 811 facinus
838 756 1042 829 perpetratum
1066 755 1095 811 εὴ

74 841 184 898 nuntio
206 840 332 899 Romam
354 841 470 916 perlato
493 841 650 900 vehemens
673 841 705 899 in
723 841 866 899 Milonem
883 841 999 902 invidia
1018 859 1094 900 oom-

74 931 159 988 mota
183 931 235 987 est.
280 928 392 988 Adlato
416 932 508 990 etiam
531 930 674 988 cadavere
697 928 874 990 nobilissimi
897 933 1042 991 senatoris
1066 933 1096 988 et
1127 931 1129 934 ’

74 1017 230 1094 popularis
253 1019 324 1092 riri,
351 1020 420 1094 post
447 1019 573 1095 denique
600 1020 710 1078 iniecto
737 1021 769 1077 in
797 1021 911 1078 curiam
933 1019 1096 1079 Hostiliam

73 1108 156 1166 faces
181 1106 329 1165 subiectae
352 1109 423 1166 sunt
445 1107 482 1166 ab
504 1107 678 1166 turbulenta
699 1109 729 1166 et
751 1108 871 1167 sordida
894 1108 1095 1182 multitudine,

37 1197 122 1254 rocui
159 1197 191 1252 et
223 1197 286 1254 vita
317 1195 349 1253 P.
378 1195 464 1255 Clodi
494 1198 620 1255 nimium
651 1197 804 1256 fructuosa
836 1199 869 1256 in
900 1199 1095 1274 praeteritum

73 1286 178 1343 fuerat
213 1287 243 1344 et
277 1287 350 1344 tuno
366 1287 369 1294 '
385 1303 464 1345 mors
500 1284 607 1344 acerba
642 1288 715 1344 erat.
780 1284 891 1354 Quibus
928 1286 1024 1346 turbis
1066 1289 1096 1344 et

73 1372 271 1432 seditionibus
318 1373 458 1433 adversus
504 1374 646 1433 Milonem
693 1373 888 1452 flagrantibus
934 1378 1094 1435 convocato

73 1464 184 1521 senatu
211 1461 362 1521 decretum
389 1465 434 1522 est
457 1463 576 1522 caedem
602 1465 635 1522 in
658 1463 758 1539 Appia
781 1465 831 1522 via
855 1466 959 1523 contra
981 1483 1044 1522 rem
1066 1485 1094 1540 p.

74 1569 136 1610 esse
163 1553 359 1610 commissam.
401 1551 453 1611 On.
477 1554 569 1611 etiam
591 1551 757 1629 Pompeius,
781 1553 833 1628 qui
855 1554 927 1611 tuno
950 1554 1013 1612 sine
1037 1554 1095 1611 ool-

39 1660 61 1700 n
73 1641 142 1718 lega
168 1641 292 1698 tertium
310 1642 497 1700 consulatum
515 1640 644 1718 gerebat,
667 1642 740 1699 tulit
757 1641 862 1718 legem,
886 1644 920 1700 ut
938 1642 974 1700 de
993 1642 1096 1700 eadem

75 1729 168 1787 caede
196 1731 280 1788 extra
307 1730 441 1788 ordinem
468 1732 666 1805 quaereretur.
711 1728 756 1787 Ao
783 1732 880 1806 primo
909 1731 1028 1806 quidem
1051 1733 1094 1789 iu-

74 1818 155 1876 dices
181 1818 375 1876 consederunt
397 1820 430 1876 in
455 1819 527 1877 aede
550 1818 680 1877 Satmni.
726 1820 766 1877 Et
793 1820 953 1896 gerendam
976 1838 1096 1879 oausam

73 1925 127 1981 pro
153 1905 256 1964 debita
282 1907 497 1966 necessitudine
520 1925 573 1966 neo
595 1909 693 1966 minus
716 1911 799 1983 voto,
827 1927 886 1984 quo
912 1910 1027 1967 inimici
1050 1911 1097 1968 sui

74 1997 233 2053 interitum
256 1996 476 2073 gratulabatur,
504 1995 606 2055 Oicero
634 1999 771 2073 suscepit.
817 1996 875 2055 Sed
899 1999 1040 2073 quoniam
1067 2000 1096 2056 et

39 2083 251 2143 soturbulents
280 2101 327 2143 res
360 2087 425 2144 erat
451 2088 480 2144 et
507 2086 641 2145 confessa
668 2085 771 2145 caedes
799 2087 829 2143 et
856 2086 894 2144 ad
921 2086 1096 2146 seditionem

73 2173 206 2249 populus
241 2173 442 2232 infiammatus
481 2176 511 2232 et
547 2175 750 2251 circumpositi
781 2174 891 2233 iudicio
924 2177 1034 2235 milites
1067 2179 1097 2234 et

75 2280 135 2321 non
160 2262 248 2340 longe
270 2263 440 2337 praesidens
465 2264 566 2322 consul
588 2265 652 2338 ipse
670 2263 827 2339 Pompeius
847 2263 952 2322 obnixe
975 2264 1096 2324 studens

75 2353 106 2409 in
130 2351 355 2409 damnationem
371 2351 502 2426 Milonis,
524 2353 649 2428 perferri
672 2350 802 2412 defensio
825 2354 884 2411 ista
906 2371 966 2412 non
988 2355 1096 2429 potuit,

76 2458 147 2500 nam
176 2440 258 2497 metu
286 2443 488 2500 consternatus
512 2442 628 2517 etipse
651 2441 767 2499 Tullius
795 2441 900 2517 pedem
926 2443 1044 2500 rettulit
1067 2445 1097 2501 et

40 2545 63 2586 ss
77 2531 177 2588 exstat
205 2529 281 2587 alius
308 2531 463 2604 praeterea
489 2529 565 2588 liber
594 2533 728 2589 octonum
755 2547 809 2605 pro
832 2531 955 2605 Milone,
982 2533 1096 2607 inquo

78 2619 180 2677 omnia
216 2618 384 2693 interrupta
420 2621 450 2676 et
484 2618 612 2694 inpolita
643 2621 674 2676 et
708 2617 809 2693 rudia,
845 2620 934 2694 plena
970 2620 1096 2695 denique

77 2707 202 2764 maximi
224 2708 346 2765 terroris
366 2725 517 2784 agnoscas.
554 2706 640 2766 Hanc
658 2709 822 2766 orationem
839 2710 944 2783 postea
961 2709 1096 2786 legitimo

78 2813 167 2869 opere
190 2797 222 2853 et
243 2797 354 2872 maiore
377 2797 461 2870 cura,
484 2799 587 2873 utpote
609 2798 672 2854 iam
694 2795 877 2856 confirmato·
890 2797 989 2854 animo
1013 2799 1043 2855 et
1065 2798 1097 2855 in

148 2988 163 3035 1
184 2943 435 3042 Cdi'lPONuUdM
503 2989 519 3037 5
538 2982 731 3037 interemerint
751 2983 824 3049 Ome,
842 2983 952 3038 cornst
1019 2989 1035 3037 6
1054 2983 1097 3036 in-

82 3053 236 3110 nidiamO
319 3059 422 3123 lpost
439 3055 482 3108 est
502 3055 524 3110 0
536 3062 672 3124 puuctum
689 3054 769 3109 habet
853 3053 1096 3124 asoputclrtsl

74 3161 197 3232 essnrn
288 3126 482 3236 sicennam
587 3185 619 3233 10
652 3126 995 3250 curediracussctoau

84 3249 291 3306 fructuosa
310 3251 376 3306 Rea
389 3251 406 3304 l
419 3257 536 3306 correcto
590 3257 621 3303 11
633 3257 698 3320 post
711 3254 772 3306 erat
787 3251 953 3320 Cpoootom
966 3251 1045 3306 babet

85 3324 116 3372 12
138 3320 347 3392 Plddd'lTlB·
422 3327 455 3376 13
474 3324 555 3377 iusta
572 3323 654 3377 cerba
672 3324 823 3378 convocato
837 3355 872 3362 —
887 3323 999 3376 caedem
1019 3322 1043 3377 0
1067 3325 1098 3376 in

82 3393 351 3519 olianta
363 3392 608 3533 cl'l‘ltl'tttl
622 3400 785 3535 ieeeepnId
795 3362 1098 3534 tlthtbfm’

84 3537 117 3585 21
138 3536 226 3659 etho
245 3535 293 3588 sed
314 3534 337 3589 O
407 3541 440 3589 22
460 3534 578 3589 obnixae
598 3535 622 3589 G
691 3543 724 3590 25
743 3536 861 3591 exsistat
877 3536 900 3591 0
916 3534 1026 3589 exsistit
1044 3551 1097 3601 mo,

84 3620 153 3658 corr.
194 3622 212 3676 ρ
