2584 3978
159 172 202 237 30
440 174 489 227 DE
512 172 609 227 Rhea
632 171 905 227 ALEXANDRINO.

49 334 141 402 ΡΨ·
225 339 272 399 Ut
293 342 428 416 rapiat,
452 343 492 400 ut
513 342 764 401 latrocinetur.

224 429 456 490 Vehementibus
488 434 519 490 et
549 430 706 490 invidiosis
733 428 831 490 verbis
862 430 972 488 utitur:
1003 448 1065 488 non
1096 431 1184 488 enim
1280 447 1281 492 2

157 517 246 576 dixit:
278 522 317 577 ut
343 522 514 595 exposcat
545 519 798 593 hereditatem,
831 520 870 576 ut
902 517 973 576 sibi
999 517 1183 592 vindicet,
1280 495 1281 540 ¹

157 607 217 681 sed,
242 626 300 682 quo
324 608 373 666 vel
395 609 523 667 maxime
546 607 642 684 pudor
665 608 903 666 consterneretur
926 606 1124 680 audientium,
1149 611 1184 665 ui

156 698 270 770 rapiat,
296 697 411 771 inquit,
437 700 470 755 ut
491 697 692 764 lotrociraetur,
720 714 795 771 quae
819 697 882 755 sine
906 695 995 754 dubio
1019 714 1080 754 non
1101 697 1184 754 iuris
1211 715 1223 754 s

156 785 255 859 verbe,
279 783 331 844 sed
353 786 471 845 sceleris
495 785 532 844 ab
555 785 725 845 huiusmodi
748 785 912 861 cupiditate
936 784 1116 843 deterreant.

49 865 141 990 Frp‘ffl·
224 873 262 932 Si
292 874 413 932 hercle
444 875 482 932 in
513 876 649 934 nostris
679 872 783 932 rebus
812 875 886 932 tam
914 890 1012 932 acres
1042 873 1087 930 ad
1117 893 1183 948 pe-

97 937 110 988 Ῑ
157 963 311 1037 cuniam,
345 965 417 1021 tam
445 963 600 1037 adtenti,
635 965 709 1022 tam
736 964 839 1022 arari
866 963 1062 1022 soleremus
1090 979 1182 1022 esse.

221 1051 328 1110 Dicere
352 1049 472 1126 quidem
495 1052 674 1129 generaliter
696 1051 824 1125 videtur,
850 1051 970 1109 etiamsi
990 1051 1024 1108 in
1046 1051 1182 1125 privatis

155 1140 288 1216 pecuniis
326 1141 411 1199 arari
441 1139 575 1199 homines
608 1142 720 1214 essent,
756 1141 789 1199 in
820 1138 948 1215 publicis
980 1141 1082 1196 tamen
1116 1139 1182 1198 dis·
1197 1159 1222 1198 ro

156 1227 373 1304 captationibus
406 1246 465 1288 non
497 1231 633 1305 oportere
662 1231 781 1288 tantam
808 1229 1004 1304 cupiditatem
1030 1229 1183 1302 pecuniae

154 1316 302 1393 profiteri3
339 1315 391 1376 sed
421 1318 526 1391 procul
557 1317 647 1376 dubio
679 1317 756 1375 nihil
788 1317 871 1376 aliud
903 1318 983 1394 agit,
1016 1333 1107 1391 quam
1144 1318 1183 1374 ut

154 1405 192 1463 M.
218 1404 318 1465 Crassi
339 1424 436 1465 meres
461 1405 593 1480 denotet,
621 1406 657 1464 de
681 1424 739 1481 quo
767 1408 887 1483 praeter
908 1406 1066 1465 historiam
1088 1424 1181 1480 prae-

154 1497 259 1569 terque
291 1495 403 1553 exitum
434 1496 539 1555 mortis
567 1495 644 1569 eius,
674 1496 707 1552 in
740 1513 831 1569 quam
856 1511 997 1570 praeceps
1030 1493 1181 1569 quodam-

154 1583 241 1644 modo
256 1584 326 1657 ruit,
343 1601 410 1641 cum
424 1583 463 1642 ad
477 1582 659 1658 diripiendas
673 1583 815 1642 Parthiae
829 1582 916 1641 urbes
931 1583 1180 1658 opulentissimas
1196 1602 1220 1642 rs

154 1672 311 1731 Eufratem
337 1673 508 1746 transisset,
535 1673 627 1730 etiam
653 1673 718 1747 ipse
742 1671 859 1730 Tullius
887 1674 992 1730 auctor
1023 1674 1069 1730 est
1095 1671 1179 1732 libro

153 1761 243 1820 tertio
272 1760 308 1819 de
335 1759 454 1834 officiis,
482 1762 565 1820 cuius
593 1759 685 1820 verba
710 1761 852 1834 inferam,
881 1778 938 1835 quo
962 1761 1073 1838 magis,
1101 1762 1180 1835 quid

154 1849 190 1909 de
208 1848 340 1908 moribus
359 1849 422 1908 eius
440 1849 590 1923 iudicarit,
609 1852 761 1926 appareat.
800 1848 849 1907 Sic
868 1849 948 1908 enim
964 1849 1040 1908 mihi
1057 1850 1179 1908 textum

153 1937 304 1998 recordor:
336 1937 441 2012 Itaque
471 1940 499 1997 si
529 1939 577 1997 eir
609 1939 700 1997 bouus
731 1938 836 1997 tohard
866 1939 942 1997 horu
972 1939 1046 2006 um,
1082 1943 1116 1996 ut
1149 1943 1179 1998 si

153 2027 253 2102 dipiiis
275 2027 479 2100 concrepuerit,
501 2028 596 2099 possit
622 2029 656 2086 iu
678 2027 851 2099 locupletare
877 2030 1046 2086 tecuueuto
1067 2043 1179 2088 uomcu
1193 2045 1219 2085 ao

154 2118 215 2176 eius
237 2118 377 2190 inrepere,
400 2116 454 2174 leuc
475 2118 506 2174 ri
527 2131 587 2174 pou
605 2118 719 2183 ututur,
745 2132 782 2174 ue
803 2115 831 2174 si
853 2115 1035 2188 ceptorutuu
1057 2116 1179 2189 quidem

153 2205 265 2274 uerear,
287 2205 320 2264 id
338 2205 456 2263 umuuo
473 2205 617 2263 umuueui
634 2221 775 2278 umquem
792 2206 1019 2277 suspicaturum.
1057 2203 1178 2264 Deinde

154 2292 275 2352 subicit:
306 2291 349 2351 Ar
374 2293 461 2352 dores
483 2294 559 2352 acuo
580 2295 641 2352 oua
663 2293 708 2350 M.
730 2291 850 2360 Orosso,
872 2296 906 2351 ut
927 2293 1086 2366 dipitorruu
1102 2311 1178 2366 pcr-

153 2379 284 2442 cussioui
310 2382 391 2441 auu
412 2385 512 2453 posset
536 2383 662 2454 scriptus
689 2397 762 2449 esse,
793 2383 844 2454 qui
872 2397 997 2441 revue
1018 2397 1079 2440 uou
1102 2389 1179 2442 essu

153 2471 243 2538 heroa
265 2470 298 2528 iu
320 2471 394 2542 foro,
416 2471 489 2529 uuiti
511 2470 602 2538 urie,
627 2469 755 2529 adiuret
1192 2488 1218 2528 aa

47 2545 138 2614 Frgm.
222 2557 289 2616 Sed
310 2559 430 2616 tamen
453 2577 542 2634 quae
566 2561 649 2617 sunt
671 2561 796 2618 nostra
818 2557 964 2617 iudicia

221 2646 433 2722 Temptaverat
465 2644 587 2707 Crassus
622 2646 796 2706 adseverare
828 2665 887 2705 non
919 2647 1011 2706 semel
1046 2647 1083 2706 de
1114 2647 1177 2706 hac

153 2735 287 2814 Aegypti
309 2735 488 2810 hereditate,
511 2734 563 2794 sed
589 2736 829 2811 frequentissime
856 2734 1107 2810 praeiudicatum,
1137 2755 1177 2794 ac

152 2826 249 2900 primo
274 2824 394 2900 quidem
416 2824 470 2883 illo
492 2826 639 2899 tempore,
663 2843 721 2899 quo
745 2825 871 2900 pecunia
893 2825 1022 2899 repetita
1046 2841 1109 2882 esse
1133 2824 1175 2883 ab

153 2912 252 2989 Tyriis
281 2915 311 2972 et
339 2912 463 2972 advecta
490 2912 616 2972 Romam
642 2911 801 2971 videbatur
830 2913 960 2988 seposita
986 2914 1049 2970 iam
1075 2930 1217 2988 nuperae

221 3087 253 3135 ιτ
280 3081 320 3135 m
339 3087 381 3148 ro,
398 3086 438 3135 aa.

219 3263 235 3310 4
267 3257 406 3310 maximus
435 3257 459 3311 0
528 3259 752 3312 consternaretur
779 3257 812 3313 st
886 3263 902 3311 5
930 3259 960 3311 et
985 3257 1174 3312 latrocinetur
1280 3321 1281 3328 ἵ

153 3330 231 3395 Ome,
249 3344 317 3382 corr.
337 3328 378 3397 Zp
451 3327 567 3382 'ladres
588 3329 621 3394 0,
639 3345 707 3384 corr.
727 3329 853 3383 Niebuhr
932 3333 965 3381 12
985 3327 1100 3384 aliutG
1280 3343 1281 3382 r

152 3406 186 3455 14
205 3399 296 3468 quaG
361 3402 395 3452 20
414 3396 666 3468 digitiseoudoic
704 3399 810 3469 digitos
821 3400 885 3455 Ome
953 3405 987 3453 22
1002 3399 1173 3454 ΝΕΜΙΝΕΜ-
1280 3419 1281 3424 “

152 3472 243 3538 uuam
332 3474 366 3523 28
385 3469 535 3523 seueritate
556 3471 585 3535 0,
604 3487 670 3525 corr.
686 3471 812 3525 Niebuhr
902 3476 935 3524 29
959 3469 1171 3541 detrusisse,

152 3540 188 3594 ab
207 3540 279 3609 Tyro
299 3542 328 3594 et
345 3556 402 3606 uio,
420 3556 487 3595 corr.
503 3541 535 3595 st
551 3541 593 3609 Zp
1280 3535 1281 3592 l
