2584 3978
63 152 65 155 ’
149 176 215 230 vm
553 174 768 230 Parnassio
861 129 864 132 ⁵

151 347 219 404 cata
240 346 271 404 et
289 345 458 404 accuratius
476 336 662 424 descripta.¹)
694 343 768 420 Iam,
795 361 862 402 oum
879 363 988 403 novam
1007 343 1167 403 editionem
1246 387 1248 391 .

85 497 88 502 ,
150 451 252 493 omnes
266 433 297 491 hi
312 451 386 509 quos
400 435 630 493 commemoravi
644 434 702 492 viri
715 432 797 492 docti
815 452 875 491 non
889 432 1093 507 confecissent,
1113 449 1165 507 ego

151 522 379 582 aFridcrico
397 521 513 582 Leone
536 523 668 581 monitus
691 524 725 580 nt
743 523 915 597 perficerem
938 525 968 580 et
991 523 1053 580 eius
1077 537 1167 597 opera

151 613 241 688 atque
268 611 453 689 benignitate
481 630 500 669 a
526 613 610 688 regia
637 613 778 670 societate
805 610 955 669 litteraria
979 607 1167 688 Gottingensi

149 700 271 760 adiutus
295 719 369 758 sum.
403 699 558 777 Stanglius
577 719 647 759 vero
669 699 844 777 apographo
867 699 1036 760 collationis
1059 697 1167 784 codicis

151 789 344 848 Ambrosiani
368 808 386 848 a
408 789 543 866 Zieglero
566 789 664 847 factae
687 790 722 848 ut
748 791 849 847 uterer
870 788 1077 848 liberalissime
1100 807 1168 846 con·

150 878 240 938 cessit
264 881 353 952 atque
376 879 468 937 etiam
495 880 531 936 ut
556 897 621 936 eam
644 877 847 952 describerem,
870 877 1014 953 permisit,
1060 878 1168 952 Itaque

150 967 219 1026 inde
239 967 280 1038 ab
304 985 382 1025 anno
401 964 586 1026 MDOOGVG
609 985 703 1042 usque
722 966 760 1024 ad
778 964 984 1025 MDooccffl
1007 965 1167 1042 quotannis

151 1055 365 1114 bibliothecam
392 1055 568 1114 Vaticanum
592 1058 645 1114 aut
669 1056 900 1115 Ambrosianam
924 1055 985 1113 adii
1009 1058 1038 1114 ot
1060 1055 1168 1131 palim-

153 1145 245 1222 psesti
265 1144 340 1204 duas
358 1146 459 1219 partes
478 1145 599 1203 contuli.
627 1144 751 1203 Interim
769 1143 1033 1203 Brakmannius
1057 1143 1167 1203 collato

152 1236 182 1292 ct
205 1233 305 1293 codiee
324 1233 471 1292 Vaticano
500 1235 530 1291 et
557 1233 755 1293 Ambrosiano
779 1233 999 1292 emendationes
1022 1251 1090 1292 suas
1113 1252 1168 1308 pu-

150 1322 222 1382 blici
249 1323 324 1381 iuris
346 1314 462 1403 fecit'),
491 1341 545 1399 ego
570 1341 620 1380 eas
646 1313 820 1402 recensui‚⁸)
866 1321 994 1396 Deinde,
1017 1341 1083 1380 eum
1106 1322 1169 1380 iam

151 1412 228 1470 hanc
255 1411 417 1470 editionem
444 1411 527 1470 brevi
554 1413 688 1486 tempore
715 1410 903 1487 prodituram
930 1429 992 1470 esse
1019 1413 1168 1486 putarem,

150 1503 215 1577 ipse
246 1500 467 1559 emendationes
494 1491 684 1580 publicavit)
729 1499 771 1558 At
797 1518 852 1575 per
879 1499 1044 1574 complures
1074 1517 1168 1558 annos

151 1591 238 1667 gravi
264 1589 366 1648 morbo
394 1588 591 1664 impediebar,
618 1607 655 1645 ne
683 1607 757 1664 opus
790 1588 828 1646 ad
851 1587 942 1647 finem
968 1589 1168 1664 perducerem.

151 1678 252 1753 Atque
276 1680 302 1736 si
320 1677 386 1753 quis
404 1678 487 1750 haec,
511 1695 587 1753 quae
611 1677 698 1752 edidi,
722 1677 908 1752 comparabit
930 1697 998 1737 cum
1016 1678 1066 1752 eis,
1089 1695 1168 1754 quae

140 1766 304 1844 ·Zieglerus
322 1766 497 1843 publicavit,
516 1785 587 1825 sane
605 1784 701 1842 pauca
720 1785 798 1824 ame
812 1766 936 1843 legendo
955 1769 1087 1826 correcta
1105 1784 1168 1826 esse

151 1855 315 1932 intelleget.
338 1855 442 1930 Neque
456 1859 558 1915 tamon
576 1874 754 1930 quemquam
773 1855 832 1914 nisi
850 1855 943 1914 oculis
959 1854 1168 1914 Studemundi-

153 1946 218 2003 anis
238 1949 268 2003 et
285 1945 430 2003 facultate
449 1943 603 2003 divinandi
621 1945 689 2019 pari
711 1943 879 2020 praeditum
898 1962 976 2002 nunc
994 1943 1023 2001 in
1044 1945 1097 2003 illo
1116 1963 1168 2020 pa-

152 2034 307 2109 limpsesto
321 2034 392 2092 novi
410 2035 570 2109 quicquam
588 2035 778 2092 inventurum
795 2035 880 2108 puto.
902 2032 1020 2090 Etenim
1035 2034 1169 2092 tinctura

154 2140 172 2180 a
190 2122 271 2181 Maio
296 2122 430 2180 adhibita
448 2121 480 2179 in
498 2121 645 2181 Vaticana
669 2124 763 2199 parte,
782 2140 859 2197 quae
878 2122 947 2180 Vct.
967 2123 1054 2180 5750
1076 2122 1168 2200 signi·

152 2210 269 2286 fleatur,
286 2211 390 2286 multa,
408 2213 438 2269 in
454 2210 652 2269 Ambrosiana
665 2242 702 2250 —
715 2211 749 2268 Ε.
767 2213 828 2269 147
845 2228 908 2285 sup.
920 2211 1059 2286 —plura
1072 2211 1168 2270 multo

152 2299 198 2358 ita
216 2302 409 2374 evanuerunt,
427 2301 462 2357 ut
476 2299 561 2358 nobis
580 2299 690 2358 amissa
709 2299 796 2376 plane
814 2298 980 2358 videantur.
1012 2298 1170 2358 Praeterea

154 2407 278 2466 graecae
300 2389 419 2447 litterae
442 2389 479 2447 ab
503 2390 677 2447 amanuensi
700 2391 827 2464 scriptae
850 2407 944 2464 paene
966 2406 1068 2448 omnes
1091 2390 1168 2464 peri·

154 2479 253 2536 erunt:
277 2477 423 2552 quomodo
439 2477 563 2536 lacunae
579 2477 797 2553 compleantur,
815 2495 884 2535 raro
899 2478 1035 2553 vestigiis
1054 2478 1169 2537 calamo

153 2567 315 2641 impressis,
333 2567 428 2624 multo
445 2568 563 2642 saepius
582 2567 703 2624 omnino
722 2585 781 2624 non
795 2566 924 2641 perspici
937 2567 1044 2640 potest.
1068 2565 1168 2642 Atque

154 2657 300 2730 quantum
324 2655 436 2730 scripta
458 2656 525 2730 ipsa
549 2655 706 2714 obscurata
724 2655 798 2728 sint,
821 2674 856 2715 eo
874 2655 1068 2732 intellegitur,
1089 2654 1169 2731 quod

154 2745 271 2820 saepius
290 2744 349 2802 viri
367 2744 447 2803 docti
461 2745 588 2821 vestigia
606 2744 776 2802 litterarum
794 2743 852 2802 sibi
870 2743 1014 2802 detexisse
1028 2744 1168 2803 videban-

154 2835 212 2907 tur,
232 2852 309 2908 quae
322 2833 371 2892 vel
388 2851 551 2909 numquam
571 2834 734 2892 extiterunt
751 2832 800 2891 vel
818 2833 850 2890 in
863 2851 951 2892 verso
967 2832 1041 2892 folio
1056 2833 1169 2909 scripta

154 2924 185 2979 et
198 2923 369 2997 transpecta
383 2923 477 2981 aciem
487 2921 641 2980 oculorum
654 2921 833 2980 fefellerunt.
848 2921 960 2980 Tamen
971 2923 1027 2980 hoe
1036 2921 1168 2980 animad-

154 3009 331 3069 vertendum
350 3014 394 3071 est
412 3011 581 3088 fragmenta
594 3009 743 3068 Vaticana
756 3010 852 3069 multo
870 3010 975 3068 melius
994 3013 1169 3070 conservata

227 3181 252 3248 1)
272 3181 357 3235 Paleo
375 3180 500 3247 rcpbicat
514 3179 628 3249 Societq
646 3180 793 3246 fucsimiles
807 3180 841 3247 os
847 3143 1032 3249 manuscripts
1050 3181 1108 3234 cred
1125 3181 1168 3233 in-

153 3251 307 3320 coaptum.
341 3323 346 3333 .
372 3251 464 3335 cadon
483 3254 637 3333 1873-83.
674 3251 694 3304 Ι
709 3251 783 3306 Serio
801 3252 851 3306 ool.
862 3252 911 3333 11,
922 3251 997 3333 plote
1011 3255 1071 3306 112.

156 3323 422 3448 MDgzggssqusea
444 3329 554 3391 serapem
573 3321 600 3377 0.
625 3322 798 3376 Bratmoun.
843 3323 961 3376 Traiecti
979 3323 1017 3376 ud
1034 3322 1168 3378 Rhemum

227 3467 254 3533 3)
272 3465 400 3520 Zeitscbr.
415 3465 465 3530 febr
481 3465 629 3520 osterreich.
648 3464 817 3534 Gyarumien
831 3463 891 3518 LV
902 3467 1021 3532 (1904),
1029 3481 1057 3532 p.
1074 3466 1129 3520 75⁷
1137 3464 1167 3532 ff.

226 3538 253 3604 4)
270 3535 445 3592 Rbeiuescbes
465 3537 593 3592 Muscam
611 3537 649 3589 N.
660 3535 695 3590 F.
714 3535 791 3590 LIX
808 3537 915 3602 (1904),
928 3537 1064 3604 p.239ff.
