2584 3978
181 222 223 286 18
386 187 388 192 ’
559 219 631 274 eno
654 219 684 272 P.
704 219 821 273 sunm

328 389 412 448 iuxta
440 389 619 466 dignitatem
650 405 802 463 personae.
850 381 929 447 Μετ’
953 381 1199 460 ἀγανακτήεεω(

180 474 261 537 κατὰ
280 473 410 548 γένεειν.
452 477 488 535 In
507 495 657 536 excessum
675 477 758 534 locus
777 478 858 534 totus
878 475 1040 534 effimditur
1064 494 1133 534 cum
1155 477 1201 534 iu-

181 566 354 644 dignatione
377 567 553 624 vehement'u
599 565 650 623 Fit
676 566 757 623 enim
785 566 956 624 coniectura
982 565 1133 639 incidens,
1162 583 1200 624 an

181 655 212 714 P.
237 654 338 731 Syllae
366 673 474 713 nomen
506 653 687 714 subtraxerit
715 652 818 712 Cicero
846 656 877 712 et
903 653 936 712 id
963 655 1072 732 egerit,
1104 672 1143 712 ne
1169 655 1201 711 in

179 744 298 803 tabulas
322 743 457 820 publicas
480 743 649 802 referretur.
686 742 755 801 Non
777 741 880 801 debuit
902 761 974 820 ergo
996 743 1155 802 humiliter
1173 745 1202 800 et
1224 761 1235 800 s

180 833 285 892 timide
308 833 385 891 hanc
407 832 618 906 defensionem,
646 831 699 890 sed
721 850 789 890 cum
811 832 927 906 impetn
949 831 1201 908 flagrantissimae

180 921 396 1000 indignationis
424 921 562 997 implere,
596 921 682 996 quasi
709 921 837 979 monstri
864 921 962 978 simile
990 921 1030 978 sit
1057 921 1089 978 in
1115 923 1201 978 tanto

181 1011 301 1070 consule
329 1009 445 1085 aliquid
474 1011 606 1084 potuisse
634 1008 748 1068 fraudis
777 1009 910 1067 existere.
960 1007 1026 1068 Hae
1054 1012 1127 1068 sunt
1153 1009 1201 1067 de-

181 1100 341 1174 fensioneS,
370 1116 445 1174 quae
468 1099 500 1156 in
527 1098 661 1174 personis
684 1096 860 1157 inlustribus
885 1097 1033 1172 quendam
1061 1099 1201 1172 spiritum

181 1188 278 1248 laudis
301 1188 468 1246 imitantur.
1212 1207 1235 1244 ro
1280 1243 1281 1248 ,

93 1280 170 1340 541.
248 1276 402 1335 Institui
434 1278 634 1350 senatores,
663 1275 723 1351 qui
751 1276 870 1334 omnia
896 1274 1056 1333 iudicum
1088 1275 1199 1348 dicta,

93 1367 425 1443 §rasator-rogatu,
465 1381 639 1440 responsa
679 1362 956 1440 perscriberent.
1024 1363 1071 1422 At
1114 1382 1198 1439 quos

181 1454 294 1513 virosi
330 1472 399 1512 non
431 1454 546 1512 solum
578 1471 713 1512 summa
744 1453 831 1528 fide,
864 1453 925 1511 sed
956 1454 1080 1526 etiam,
1114 1471 1198 1528 quos

181 1542 338 1602 sciebam
370 1543 553 1610 memoria,
587 1543 756 1616 scientia,
789 1542 983 1600 celeritate
1016 1539 1198 1601 scribendi

180 1632 359 1690 facillime
388 1649 477 1706 quae
500 1631 708 1689 dicerentur
734 1631 904 1706 persequi
926 1648 1038 1705 posse.
1211 1648 1235 1688 rs

247 1720 297 1778 Ad
315 1718 487 1778 diluendam
506 1719 719 1794 quaestionem,
743 1737 828 1794 quae,
851 1721 885 1776 ut
904 1719 1042 1794 diximus,
1065 1719 1197 1778 incidens

180 1811 253 1868 nata
276 1810 334 1882 est,
358 1827 397 1867 an
419 1808 530 1866 falsum
552 1808 655 1866 consul
680 1809 712 1865 in
735 1807 854 1867 tabulas
876 1807 1011 1883 publicas
1039 1809 1199 1881 rettulerit,
1276 1841 1281 1891 ¹3

180 1898 348 1956 inferuntur
370 1897 443 1956 baec
466 1897 602 1972 exempla
624 1896 823 1971 validissima,
847 1897 927 1971 quod
950 1895 1198 1956 adscribendum

180 2004 276 2060 omne,
295 1985 375 2061 quod
394 1985 507 2044 iudices
526 1985 764 2060 pronuntiarent,
788 1985 910 2044 idoneos
929 1984 1097 2044 admoverit
1116 2004 1198 2046 sena-

180 2077 267 2134 tores.
314 2073 354 2132 nt
381 2074 543 2152 vigilanter
571 2074 628 2132 duc
656 2074 718 2133 illis
746 2075 907 2149 praecipua
935 2076 966 2132 et
993 2092 1070 2149 quae
1093 2074 1133 2133 ad
1155 2075 1198 2132 in·
1211 2093 1234 2132 sc

180 2165 378 2223 stmmentum
406 2162 477 2221 fidei
508 2164 675 2222 necessaria
707 2165 776 2222 sunt
809 2163 964 2222 adscribit:
997 2163 1091 2220 animi
1123 2165 1198 2222 inte-

181 2253 322 2330 gritatem
349 2253 380 2310 et
406 2251 596 2311 velocitatem
619 2250 779 2326 scribendi,
806 2254 841 2309 ut
867 2251 939 2312 fides
966 2269 1027 2310 non
1050 2252 1200 2327 deceperit
1274 2272 1277 2293 ¹

180 2342 413 2399 veritatem

482 2427 612 2502 (Desunt
634 2428 720 2488 XVI
733 2428 887 2504 pupinus.)

181 2561 209 2576 ..
226 2562 231 2574 .
256 2535 422 2576 conversus.
1210 2535 1233 2574 rs

93 2606 169 2667 §91-
248 2603 272 2664 Ο
296 2606 478 2680 miserum,
501 2606 687 2665 infelicem
709 2607 815 2666 illum
837 2606 938 2665 diem.
964 2610 968 2620 '

247 2692 383 2753 Oratorie
411 2695 548 2770 deplorat
575 2696 666 2753 etiam
693 2695 770 2754 illud
796 2697 928 2770 tempus,
957 2713 1015 2769 quo
1040 2695 1200 2756 damnatus

179 2787 225 2842 est
248 2783 377 2843 ambitus
401 2784 538 2857 crimine,
566 2785 655 2842 utin
679 2802 712 2842 ec
737 2783 854 2844 desinat
876 2783 1042 2844 invidiosus
1067 2803 1144 2860 esse,
1168 2786 1200 2842 in

181 2890 239 2947 quo
262 2872 448 2932 miserandus
472 2872 665 2932 existimetur.

91 2960 168 3022 §92-
246 2960 312 3020 Vos
334 2961 535 3020 reiectione
557 2963 782 3035 interposita
804 2961 897 3020 nibil
925 2961 1237 3038 suspicantibusro

179 3048 281 3109 nobis
318 3050 503 3124 repentini
542 3050 579 3107 in
615 3067 677 3110 nos
713 3049 852 3109 iudices
895 3050 1114 3110 consedistis
1157 3050 1199 3110 ab

248 3240 261 3287 1
282 3236 331 3290 loo.
342 3252 389 3289 wa.
401 3236 449 3290 tia.
460 3237 494 3304 †
508 3241 523 3289 1
538 3252 578 3290 cm
589 3262 622 3282 =
638 3240 672 3292 18
686 3237 736 3292 titt.
757 3238 914 3305 ἐκφώνηει(
933 3238 1004 3310 κατὰ
1023 3236 1163 3293 beluacus?

179 3305 285 3360 iustaO
310 3305 664 3376 ...ΙΙΚΤΗΟΕωΟΚὰΤὰΓΕ
728 3309 780 3362 ΟΙΝ
808 3309 896 3363 altera
905 3309 1079 3363 loo.4cru.=
1092 3314 1127 3364 16
1137 3310 1200 3375 tiu,

179 3377 267 3432 alteru
281 3382 297 3430 1
311 3393 360 3431 cru.
370 3403 404 3424 =
418 3381 438 3431 2
451 3377 502 3431 litt.
539 3379 654 3448 uestigia
667 3395 713 3433 cer
731 3395 809 3433 crum
822 3379 912 3448 suppl.
922 3380 1132 3448 perspiciuntur

180 3447 454 3517 6flagrantissime0
497 3454 529 3501 11
541 3449 675 3503 constitui
683 3449 760 3505 codd.
768 3450 822 3504 Cic.
869 3449 981 3504 12st
1023 3449 1175 3506 nonnoso

179 3520 365 3572 stmmentum
381 3520 620 3588 Om(sic!)o,corr.
635 3519 669 3574 St
735 3521 967 3577 21adscribat0
1032 3526 1065 3574 23
1081 3521 1172 3590 ΙΙΕΒΙΙΙ

178 3589 326 3644 veritatem
335 3606 379 3644 mo
425 3595 458 3644 26
468 3591 601 3645 miserum
610 3593 639 3645 et
648 3589 791 3646 infelicem
800 3592 876 3648 codd.
884 3593 938 3648 Cic.
986 3590 1204 3646 aromurimo
