2584 3978
498 203 712 260 PRAEFATIO.
1074 207 1114 262 IX

95 395 160 436 esse
183 375 337 451 multoque
359 374 475 434 minore
494 392 584 452 opera
601 374 663 452 legi
680 391 767 450 posse
791 393 881 450 quam
899 375 1112 452 Ambrosiana;

94 484 193 541 neque
215 465 247 523 id
269 464 367 524 solum
389 483 423 522 eo
447 463 587 538 efficitur,
610 464 691 540 quod
714 463 839 524 clariore
861 464 928 522 luce
951 464 982 523 in
1006 464 1112 526 biblio·

95 555 184 614 theca
202 553 351 612 Vaticana
373 555 419 612 uti
441 552 520 627 licet,
542 553 574 610 in
593 551 791 612 Ambrosiam
811 572 922 630 magno
944 555 1044 629 spatio
1066 556 1111 614 in-

94 644 219 702 teriecto
247 641 422 702 difficillime
448 643 481 700 in
508 642 689 701 obscuritate
716 641 835 702 litterae
863 642 1112 719 internoscantur,

95 731 237 808 quodque
263 731 361 790 Maius
392 730 619 790 imm0deratiue
654 732 786 789 tinctura
821 729 985 790 Mediolani
1021 750 1112 807 quam

96 819 211 880 Romae
224 838 295 878 usus
310 824 364 893 est,
378 819 533 881 sedetiam
547 836 583 878 eo
597 819 678 895 quod
691 819 766 878 folia
779 819 928 879 Vaticana
942 838 1013 880 cura
1027 841 1111 896 prae-

95 909 168 968 fecti
194 909 227 966 P.
245 908 336 966 llhrle
364 927 398 967 ex
422 926 564 986 compage
592 907 690 968 soluta
709 925 744 966 ac
766 927 843 967 novo
867 907 995 984 quodam
1020 912 1111 986 atque

95 997 252 1056 excellenti
274 997 362 1056 modo
386 999 556 1056 restaurata
577 1000 656 1056 sunt.
692 995 826 1056 Primum
848 999 928 1056 enim
950 1000 1111 1058 accurretis-

95 1088 170 1146 sime
197 1086 329 1164 levigata
356 1091 426 1146 sunt
452 1088 511 1159 aa,
537 1087 572 1144 ut
598 1086 771 1146 membrana
797 1086 900 1146 multis
925 1086 998 1146 locis
1022 1091 1112 1148 antea

95 1177 249 1234 contacta
263 1175 434 1234 nantissime
453 1175 679 1248 distraheretur,
697 1175 803 1234 deinde
822 1175 896 1234 tolia
909 1177 994 1234 tenta
1007 1176 1113 1237 charta

95 1264 193 1323 solida
220 1263 404 1323 circumdata
431 1266 514 1338 sunt,
537 1282 574 1323 ne
596 1282 698 1322 rursus
721 1265 753 1323 vi
780 1282 836 1323 sua
859 1265 1110 1325 contraherentur.

94 1352 144 1412 Ita
171 1352 283 1412 factum
311 1354 370 1426 est,
396 1356 431 1412 ut
454 1355 484 1412 et
506 1353 601 1412 multo
628 1353 749 1412 facilius
773 1353 1015 1428 commodiusque
1037 1355 1113 1414 folia

96 1441 246 1502 dissoluta
268 1441 437 1518 legerentur
464 1444 495 1501 et
518 1443 685 1500 accuratius
713 1441 833 1500 litterae
856 1445 1111 1520 cognoscerentur.

94 1529 211 1589 Ultimo
242 1548 320 1589 anno
353 1529 457 1589 deinde
487 1530 578 1590 codex
608 1530 803 1606 phototypice
833 1548 988 1606 expressus
1018 1533 1111 1608 atque

94 1618 267 1695 publicatus
298 1611 380 1700 est.¹)
435 1617 546 1679 Contra
577 1617 740 1678 Mediolani
773 1619 850 1679 liber
881 1619 979 1679 adhuc
1010 1625 1112 1680 manet

94 1707 259 1785 neglectus,
281 1707 339 1766 nisi
362 1708 441 1783 quod
465 1727 480 1766 e
504 1725 646 1786 compage
669 1708 786 1766 solutus
808 1712 860 1767 eet.
894 1707 1019 1787 Singula
1036 1710 1112 1770 folia

95 1797 258 1856 secundum
276 1796 411 1857 ordinem
434 1816 452 1855 a
469 1796 550 1856 Maio
574 1797 770 1858 constitutum
789 1799 953 1857 servantur.
983 1798 1112 1858 Maxime

95 1904 167 1944 vero
191 1885 350 1944 dolendum
373 1888 419 1944 cst
439 1885 535 1946 adhuc
556 1886 588 1944 in
611 1885 792 1946 bibliotheca
813 1885 1013 1946 Ambrosiana
1035 1888 1111 1946 nihil

94 1993 150 2050 pro
173 1975 230 2033 hoc
252 1974 455 2050 manuscripto
478 1975 591 2034 factum
620 1993 682 2034 esse
710 1977 802 2051 atque
831 1975 1010 2050 sperandum
1032 1995 1112 2036 nunc

94 2065 195 2122 virum
218 2062 339 2123 doctum
365 2064 418 2139 qui
450 2063 478 2122 ei
499 2068 618 2141 praeest
648 2063 877 2140 palimpsestum
899 2066 1012 2123 maiore
1039 2083 1113 2124 cura

94 2154 295 2211 tractaturum
317 2170 387 2214 esse.
433 2153 537 2229 Neque
560 2152 640 2212 enim
663 2151 795 2212 dubitari
816 2155 924 2229 potest,
948 2153 1021 2229 quin
1043 2173 1112 2214 con·

93 2241 240 2300 servando
264 2243 355 2316 atque
381 2241 561 2318 publicando
588 2243 783 2318 palimmesto
810 2242 979 2318 praefectus
1006 2243 1111 2302 biblio·

94 2329 199 2390 thecae
218 2330 381 2390 Vatieanae
412 2330 582 2389 litterarum
611 2329 718 2390 studiis
749 2332 878 2389 maxime
914 2331 1111 2391 inserviverit.

94 2417 215 2476 Etenim
229 2419 303 2478 folia
317 2421 449 2478 tinctura
461 2419 568 2479 obruta
582 2423 612 2478 et
625 2421 735 2479 totiens
750 2420 861 2478 collata
874 2422 966 2496 atque
979 2422 1113 2480 tractata

94 2506 187 2566 etiem
211 2509 237 2566 si
260 2509 430 2568 cautissime
452 2510 574 2585 tangas,
596 2509 768 2584 saepissime
791 2508 839 2567 vel
862 2509 1042 2586 franguntur
1064 2510 1113 2568 vel

96 2594 312 2670 dilacerantur3
326 2599 372 2655 sin
385 2596 588 2656 membranam
602 2597 761 2671 distrahas,
774 2597 937 2657 certissime
951 2598 1112 2657 violentur¹

164 2683 298 2760 Scriptus
316 2689 361 2744 est
379 2685 470 2744 codex
489 2685 653 2760 Bobiensis,
672 2687 758 2745 euius
781 2686 924 2761 reliquiae
942 2689 1112 2762 supersunt,

95 2771 211 2832 duabus
238 2774 382 2834 columnis
414 2773 603 2834 mediocriter
634 2774 781 2852 angustis,
809 2775 1016 2850 complectitur
1038 2794 1111 2834 una·

96 2879 234 2938 quaeque
253 2861 343 2937 linea,
361 2881 487 2939 quarum
506 2863 626 2923 vicenae
646 2865 754 2940 quinae
772 2864 804 2922 in
823 2864 950 2941 sinfflrlis
965 2863 1112 2924 columnis

96 2953 229 3026 exstant,
262 2969 346 3010 senas
376 2952 467 3012 denas
494 2952 611 3012 litteras
640 2954 770 3028 circiter3
797 2953 926 3027 nullam,
953 2954 979 3012 si
1001 2953 1112 3012 latinas

93 3039 214 3098 litteras
236 3039 415 3115 numerabis,
438 3041 505 3116 plus
529 3061 619 3116 quarn
641 3041 752 3119 viginti
774 3040 857 3116 duas,
880 3041 993 3100 nullam
1012 3043 1112 3103 minus

94 3147 188 3203 quam
220 3128 375 3188 duodecim
408 3131 559 3190 continere
590 3131 731 3190 invenies.
783 3131 934 3206 Exceptus
962 3134 1032 3192 sunt
1059 3150 1112 3190 eae

94 3217 205 3292 lineae,
233 3236 361 3294 quarum
388 3218 461 3277 fines
490 3218 526 3276 ob
554 3221 825 3294 interpunctionem
852 3237 962 3278 vacuae
990 3219 1112 3279 relictae

93 3308 177 3380 sunt3
206 3306 243 3365 de
269 3306 350 3366 hisce
377 3310 460 3366 certa
486 3307 591 3385 regula
617 3309 690 3384 poni
716 3310 828 3383 nequit.
875 3307 919 3366 De
941 3308 1112 3367 litterarum

93 3413 173 3470 quae
196 3394 330 3454 unciales
352 3397 421 3454 sunt
442 3397 539 3455 forma
562 3397 635 3455 hacc
658 3396 921 3456 animadvertenda
943 3400 1030 3473 puto:

167 3584 194 3651 1)
213 3580 286 3636 Vide
305 3598 390 3652 cupra
406 3600 434 3652 p.
448 3582 483 3651 V,
500 3585 569 3637 nota
588 3590 611 3636 1.
