2584 3978
1279 248 1286 404 l

183 207 226 272 26
431 205 472 260 IN
496 205 658 261 CLODIUM
680 205 726 258 ET
751 203 948 260 CURIONEM.

181 376 291 436 banos
315 376 368 450 ita,
391 376 480 434 utin
503 392 534 434 ee
556 375 710 452 ingenium
737 373 854 433 sobriae
876 374 1011 448 virtutis,
1039 373 1072 430 in
1096 370 1204 432 Clodio

181 465 294 524 indicia
316 465 471 524 foeditatis
494 466 525 522 et
548 463 691 522 dedecora
713 462 888 538 proscribat.

73 549 168 672 Fffl
249 553 311 627 Tu,
336 555 396 629 qui
419 552 568 611 indutus
592 551 763 610 muliebri
785 554 885 611 veste
907 551 1030 610 fueris.

248 641 376 701 Videtur
398 643 478 701 enim
498 640 618 701 Clodius
639 640 746 700 babitu
768 639 908 699 muliebri
931 658 1033 699 sexum
1055 640 1203 698 mentitus

180 734 351 807 penetrasse
372 729 494 790 domum
513 727 543 787 C.
560 728 704 804 Caesaris,
727 732 761 788 ut
778 731 926 789 incestum
944 728 999 788 sub
1017 729 1074 786 hae
1094 728 1202 787 fraude
1230 747 1241 786 a

181 822 388 880 committeret.
443 819 480 877 Id
511 818 689 878 describitur
722 862 786 892 ...,
822 821 857 877 ut
888 819 990 876 omnia
1021 817 1203 876 liniamenta

180 908 376 985 turpitudinis
400 907 585 986 detegantur.

73 993 167 1117 {iffi
249 997 332 1057 Cum
355 998 539 1057 calantica
562 998 678 1072 capiti
702 995 1041 1054 accommodaretur.

324 1104 429 1165 genus,
458 1104 517 1161 quo
539 1087 668 1144 feminee
692 1085 792 1160 capita
815 1084 969 1157 velebant,
995 1084 1052 1143 hoo
1078 1084 1203 1141 nomine

180 1175 338 1236 ferebatur.
386 1175 427 1234 Et
444 1173 587 1234 Afranius
611 1175 749 1233 meminit
770 1175 803 1232 in
827 1171 1062 1232 Consobrinis
1086 1173 1132 1230 ita
1156 1171 1202 1230 di·
1218 1190 1243 1230 ro

180 1282 261 1323 cens:
300 1264 375 1324 Cwm
405 1265 534 1331 milleris,
566 1264 726 1323 edaattcte.
781 1261 926 1337 Inpudioo
962 1263 1057 1338 igitur
1092 1260 1203 1320 habitu

179 1352 371 1412 erubescendi
394 1352 545 1412 dedecoris
574 1351 720 1426 quaedam
742 1350 839 1428 figura
867 1350 1051 1416 describitur
1097 1348 1202 1424 Atque

178 1444 224 1501 ita
247 1460 278 1502 se
302 1443 387 1500 etin
409 1441 537 1500 historia
558 1442 701 1516 temporis
724 1440 813 1499 buius
833 1440 1075 1498 commemoratio
1094 1437 1202 1497 habet:

180 1528 211 1588 C.
237 1528 371 1590 Caesaris
404 1529 553 1605 pontificis
581 1530 706 1588 maximi
735 1529 882 1605 praetoris
912 1528 994 1588 domi
1019 1525 1202 1587 sacrificium

179 1619 321 1679 sollemne
359 1638 413 1695 pro
444 1619 556 1694 populo
587 1617 686 1676 fiebat.
741 1617 808 1675 Huc
839 1618 887 1676 vir
919 1619 1027 1676 ornatu
1059 1614 1202 1675 muliebri
1219 1633 1242 1672 re

180 1707 260 1784 quod
295 1709 465 1782 introierat,
507 1706 686 1767 sacrificium
726 1707 928 1766 instauratum
965 1707 1017 1764 est.
1077 1704 1136 1764 Res
1161 1704 1202 1763 ad

179 1799 316 1856 senatum
344 1796 444 1856 delata
471 1799 523 1855 est.
570 1795 674 1855 Patres
702 1795 863 1855 conscribti
893 1795 1099 1868 decreverim,
1122 1788 1202 1871 <ut>

179 1885 215 1944 de
248 1904 283 1944 ea
312 1904 344 1944 re
371 1902 431 1944 non
459 1885 547 1944 aliter
575 1903 665 1961 quam
693 1883 729 1942 de
756 1885 872 1942 incestu
903 1885 1101 1958 quaereretur.
1154 1882 1201 1941 Eo

178 1975 303 2033 crimine
340 1992 407 2034 reus
448 1975 545 2033 factus
588 1976 633 2032 est
673 1973 705 2030 P.
740 1970 860 2032 Clodius
897 1971 1025 2030 Pulcher
1065 1970 1202 2030 delatore

178 2062 211 2120 L.
235 2061 375 2136 Lentulo,
404 2064 456 2139 qui
484 2063 587 2122 consul
609 2063 669 2120 fuit
696 2063 765 2138 post
792 2079 859 2120 cum
888 2059 918 2120 C.
942 2061 1097 2134 Marcello,
1130 2059 1201 2119 sub·
1216 2077 1241 2117 ao

179 2151 375 2212 scribentibus
400 2149 452 2210 Cn.
476 2155 506 2210 et
528 2150 562 2209 L.
586 2150 729 2210 Lentulis.
775 2149 908 2223 Aurelia,
933 2147 1068 2208 Caesaris
1092 2151 1201 2224 mater,

178 2241 264 2300 testis
287 2242 320 2299 in
342 2240 454 2300 iudicio
478 2240 581 2299 audita
604 2242 657 2299 est.
704 2239 749 2297 Ea
769 2258 824 2313 pro
847 2239 1019 2298 testimonio
1043 2238 1120 2297 dixit
1144 2256 1200 2297 suo
1284 2299 1285 2322 χ

178 2331 263 2389 iussu
282 2348 349 2387 eum
368 2347 431 2388 esse
451 2329 620 2403 dimissum3
643 2328 723 2386 idem
741 2328 818 2386 dixit
838 2328 926 2402 Iulia,
949 2345 1033 2386 soror
1053 2325 1200 2386 Caesaris.
1284 2325 1285 2332 ’

180 2418 220 2476 Et
242 2420 344 2477 tamen
366 2420 435 2493 post
457 2418 530 2477 haec
553 2417 707 2476 absolutus
730 2419 784 2475 est.

71 2499 164 2621 Fff·
248 2504 372 2580 Crede,
404 2511 595 2582 postquam
626 2507 810 2581 speculum
841 2505 912 2564 tibi
940 2504 1102 2564 adlatum
1130 2507 1241 2578 est‚se

136 2568 162 2622 V
180 2596 285 2673 longe
308 2597 343 2653 te
367 2614 385 2655 a
407 2595 570 2671 pulchris
594 2594 719 2654 abesse
742 2596 901 2654 sensisti.

245 2683 449 2744 Festivissime
482 2685 572 2743 simul
599 2686 630 2742 et
656 2683 846 2742 nobilitatem
873 2684 990 2762 generis
1017 2683 1200 2740 infamatam
1284 2685 1285 2696 ¹

179 2775 209 2832 et
232 2791 328 2833 mores
351 2774 494 2833 femineos
517 2774 550 2831 in
572 2773 686 2849 speculi
709 2772 959 2848 contemplatione
983 2770 1107 2844 detexit,
1139 2788 1200 2846 quo

178 2863 270 2920 ferme
302 2861 341 2920 ad
372 2861 585 2937 explorandam
617 2879 705 2920 curae
737 2879 808 2920 suae
840 2861 1030 2939 diligentiam
1057 2859 1199 2918 mulieres

177 2952 224 3008 uti
247 2951 351 3009 solent.
398 2951 478 3030 Ergo
507 2954 537 3010 et
563 2949 751 3010 inliberalem
778 2949 906 3027 figuram
929 2948 1037 3025 probro
1061 2948 1145 3008 dedit
1167 2951 1199 3007 et
1213 2965 1240 3004 aa
1284 2945 1285 2952 ’

177 3041 326 3098 maiorum
349 3057 470 3098 suorum
494 3039 728 3099 dissimillimum
747 3041 930 3098 contestatus
949 3041 1002 3097 est.
1040 3037 1119 3095 Nam
1138 3039 1199 3095 fuit

177 3128 233 3187 hoc
258 3126 400 3187 Claudiae
432 3129 566 3188 familiae
595 3146 758 3206 cognomen
789 3128 923 3188 inlustre.
970 3126 1088 3202 Quippe
1119 3127 1198 3185 anti·

246 3304 261 3350 2
275 3297 432 3366 perscribat
442 3296 475 3352 St
545 3297 732 3351 tineaestum
747 3297 771 3352 C
840 3302 855 3350 6
871 3297 921 3351 lae.
932 3313 979 3350 uo.
990 3297 1039 3350 lte.
1050 3321 1085 3341 =
1096 3299 1130 3349 16
1145 3295 1198 3350 litt.

177 3371 344 3424 διατυπώεει
357 3369 528 3435 epotator?
610 3373 626 3421 8
645 3367 723 3436 capit
738 3368 761 3422 C
840 3372 855 3420 9
875 3368 926 3422 lac.
940 3367 992 3438 2¹s,
1004 3384 1052 3422 on.
1064 3391 1098 3412 =
1113 3371 1130 3420 7
1145 3367 1197 3421 litt.

178 3442 281 3506 κόεμου
296 3438 437 3508 appele
492 3444 525 3492 12
545 3438 653 3492 decoris
669 3439 742 3504 Creo,
757 3455 826 3494 corr.
842 3437 874 3493 St
928 3443 960 3492 1‘1
982 3438 1035 3511 <ut
1071 3436 1200 3492 Niebuhr

177 3527 221 3565 mo
294 3514 326 3563 18
346 3510 518 3564 incaestuC
592 3515 625 3562 19
645 3508 683 3564 Cl.
701 3510 764 3565 Ceno
841 3515 875 3562 22
895 3509 994 3564 audite
1034 3507 1199 3578 pitacia

177 3579 316 3634 iudicium
325 3578 413 3634 citata
422 3597 464 3634 mo
475 3581 557 3634 Beier·
622 3580 816 3649 itspeauloC
876 3586 910 3634 19
920 3580 1028 3650 figurae
1037 3595 1104 3633 suae
1115 3580 1200 3634 Beier
