2554 3978
524 221 539 282 s
559 221 672 270 17-21.
1061 215 1105 280 43

92 385 173 460 perii.
223 382 368 444 Similiter
399 387 430 445 et
462 385 498 444 de
528 383 622 444 Gallis
654 403 708 462 pro
736 335 868 444 Folitcio.
919 384 974 444 Est
1006 386 1107 444 autem

92 475 340 549 potentissimum,
373 475 399 532 si
430 472 467 532 ab
500 476 587 534 unius
619 492 746 551 persona
778 473 953 534 deflectatur
979 475 1107 533 intentio

91 561 232 635 iudicum,
264 565 299 620 ut
325 563 444 638 publico
471 564 591 622 nomine
614 565 808 624 *recenseant
829 563 956 622 testibus
983 563 1106 622 moleste

91 651 160 711 haec
183 651 325 727 obsequia
347 651 553 711 tolerantibus.

68 761 80 801 s
154 740 194 799 ln
231 742 372 799 aerario
408 741 502 799 nihil
538 735 672 800 habent
713 742 900 815 civitates,
940 740 1034 799 nihil
1070 742 1203 806 iusso.

92 829 342 907 vectigalibus.
1135 881 1138 890 .

148 913 230 979 Ἀπὸ
243 964 251 980 .
263 963 287 980 .,
301 920 458 978 materiam
472 919 586 977 nullam
599 919 737 978 habuisse
752 918 916 994 praedandi
925 918 1065 977 Flaccum
1074 919 1107 976 in

90 1008 153 1067 istis
167 1007 350 1081 civitatibus,
368 1025 443 1083 quas
461 1008 610 1068 invenerit
624 1008 729 1083 opibus
746 1008 904 1067 exhaustas
919 1009 949 1066 et
963 1025 1039 1083 quae
1053 1025 1107 1066 neo

90 1115 242 1155 versuram
268 1097 371 1156 fecisse
394 1115 448 1156 nec
471 1098 585 1155 viritim
603 1096 750 1160 tributum
773 1097 933 1156 contulisse
960 1095 1105 1154 dicantur.

57 1207 78 1245 ro
152 1183 264 1253 Quam
290 1204 374 1244 vero
402 1185 515 1246 falsas
544 1187 706 1245 rationes
736 1187 772 1244 in
799 1185 945 1245 tabulas
972 1185 1106 1244 inferre

90 1275 238 1333 soleant.
1114 1311 1133 1350 3

152 1363 364 1422 sollertissime
387 1363 568 1441 invigilavit,
590 1383 628 1422 ne
651 1363 724 1439 quid
747 1361 852 1422 Graeci
875 1364 966 1421 etiam
988 1363 1107 1421 tabula-

89 1471 150 1510 nrm
178 1453 353 1511 recitatione
384 1451 547 1510 firmarent.
672 1451 844 1510 Praemittit
875 1453 952 1511 bano
983 1453 1106 1510 insimu-

89 1541 239 1614 lationem,
261 1543 304 1615 ut,
327 1542 353 1600 si
376 1540 456 1616 quod
478 1543 709 1600 instrumentum
731 1540 917 1617 probationis
940 1541 1107 1616 attulerint,

57 1649 78 1690 u
89 1649 138 1705 pro
161 1631 241 1690 falso
268 1631 445 1705 accipiatur,
478 1632 509 1688 et
538 1629 693 1689 confirmat
719 1629 775 1688 hoc
890 1630 1106 1706 interponendo

90 1721 297 1778 auctoritatem
334 1717 385 1778 (ln.
412 1718 550 1794 Pompeii
585 1721 615 1778 et
650 1717 797 1794 Hypsaei,
833 1738 960 1794 quorum
996 1720 1106 1779 litteris

89 1808 276 1868 indicabatur
297 1807 422 1884 perfidia
445 1806 632 1872 Graecorum.
670 1808 711 1865 llt
732 1809 836 1867 statim
859 1808 913 1867 sub
937 1808 1040 1868 eodem

89 1898 117 1976 in
135 1898 272 1957 clausula
284 1899 408 1974 ponitur
425 1916 483 1970 eos,
502 1898 555 1972 qui
573 1896 608 1956 de
622 1895 764 1972 Pompeio
784 1899 815 1956 et
827 1896 968 1973 Hypsaeo
987 1896 1107 1956 mentiti

90 1987 154 2060 sint,
172 2005 230 2045 nee
247 1985 284 2044 de
301 1986 503 2044 insimulanda
517 1985 618 2045 Flacci
630 1987 802 2045 innocentia
814 1987 946 2062 potuisse
960 1985 1104 2045 dubitare.

57 2094 78 2134 ro
151 2075 287 2134 Triduo
310 2075 366 2134 lex
390 2075 432 2134 ad
454 2077 658 2151 praetorem
681 2074 816 2133 deferri
838 2074 946 2134 iubet
1125 2079 1202 2138 §21-

238 2164 303 2242 lege
331 2165 410 2222 enim
437 2162 606 2237 cavebatur,
638 2165 673 2222 ut
700 2165 885 2224 accusatores
914 2163 949 2222 de
971 2165 1105 2240 pecuniis

89 2253 257 2329 repetundis
289 2255 390 2313 omnia
420 2254 620 2314 instrumenta
650 2253 822 2311 tabularum
853 2255 884 2311 et
914 2253 995 2312 intra
1027 2253 1106 2311 diem

152 2394 166 2440 1
206 2385 258 2440 XV
286 2392 332 2440 33:
362 2403 398 2440 an
416 2402 481 2440 vero
515 2386 666 2454 dubitatis,
689 2386 810 2452 iudices,
834 2387 903 2454 quin
925 2386 1026 2441 insitas
1050 2386 1105 2440 ini-

89 2457 209 2512 micitias
235 2457 307 2512 istae
330 2460 428 2528 gentes
448 2474 543 2512 omnes
563 2460 591 2512 et
609 2457 734 2512 habeant
753 2459 782 2511 et
804 2459 905 2528 gerant
924 2475 988 2512 oum
1005 2457 1105 2527 populi

90 2527 207 2583 Romani
226 2529 357 2583 nomine?
393 2529 445 2583 XV
464 2534 497 2584 35
584 2545 703 2597 cumque
726 2528 835 2582 inimici
854 2528 890 2582 M.
906 2528 1007 2583 Fontei
1025 2528 1105 2584 vobis

90 2615 120 2653 ac
137 2599 244 2671 populo
263 2600 389 2654 Romano
408 2600 550 2655 minentur

152 2749 168 2796 2
189 2743 576 2813 PGRSOthfttcleTuR
590 2758 710 2811 persona
728 2741 859 2796 flectatur
872 2759 924 2808 mo,
938 2757 1006 2797 corr.
1015 2743 1056 2813 Zp

92 2817 105 2865 3
115 2815 298 2868 succenseant
305 2814 343 2868 Or
351 2813 515 2886 re<dditum
525 2813 719 2867 testimonium
729 2813 847 2886 deberi>
856 2815 989 2866 censeant
998 2814 1055 2867 Leo

92 2888 106 2935 l
123 2886 171 2940 lac.
183 2885 235 2956 3¹s,
246 2903 295 2940 cm.
307 2887 340 2953 -Ι-
350 2903 397 2940 wa.
409 2887 458 2940 lia.
469 2911 503 2930 =
512 2889 549 2940 24
564 2886 614 2939 litt.
630 2887 685 2939 ἀπὸ
699 2891 751 2939 τοί)
767 2885 874 2939 εἰκότα(
892 2886 1055 2952 ἐνθύμημαῗ

92 2959 123 3006 10
131 2957 245 3010 Lemma
254 2959 285 3010 ia
294 2957 371 3011 codd.
381 2956 436 3012 Gic.
445 2959 485 3010 sic
495 2958 606 3027 decitur:
617 2955 707 3020 Quam
715 2972 780 3009 vero
789 2954 874 3009 facile
884 2954 971 3008 falsas
980 2955 1104 3010 rationes

92 3025 189 3082 inferre
200 3030 229 3081 et
238 3026 268 3080 in
278 3027 391 3082 tabulas
401 3026 545 3081 ...referre
555 3027 665 3081 soleant
709 3032 741 3080 13
753 3027 826 3082 laed
836 3029 869 3095 -Ι-
881 3031 898 3081 6
906 3043 956 3082 em.
964 3053 998 3072 =
1007 3031 1044 3082 25
1053 3027 1103 3082 litt.

93 3098 231 3168 ἐνθύμημα
246 3102 366 3155 ἀπὸτοῦ
382 3099 498 3165 duolou?
572 3103 604 3151 15
620 3098 1000 3169 loc.3-l-2¹s‚cm.=131itt.
1015 3116 1105 3166 παρα-

94 3169 229 3236 δείγματιῖ
285 3175 317 3223 17
329 3171 378 3226 luc.
387 3175 406 3225 2
416 3172 504 3240 lia.-}-
514 3173 531 3224 5
538 3187 626 3224 coa:
637 3175 672 3224 44
682 3170 732 3224 litt.
743 3170 945 3236 παραδείγματι
959 3173 1104 3239 ἐνθύμημα

94 3258 209 3315 ἀπὸτοῦ
225 3259 349 3326 μείζονα(
362 3260 401 3314 εἰ(
414 3262 447 3314 τὸ
464 3262 598 3314 Horror?
672 3262 706 3312 20
725 3245 1105 3326 TRlbllOdltXleNdeS·

95 3328 210 3414 TQRCM
257 3336 289 3384 21
301 3332 350 3416 loc.
359 3331 409 3456 47,
418 3333 506 3401 cm.-}-
513 3347 562 3414 cm.
574 3331 663 3384 Μαι
673 3334 711 3384 29
719 3331 769 3385 titt.
775 3350 786 3396 ,·
795 3331 926 3412 inpriore
935 3332 1010 3414 linea
1021 3331 1075 3385 ..Ο
1085 3372 1103 3382 ..

94 3407 219 3469 coeptum
228 3409 282 3469 e³t;
291 3419 372 3472 prior
392 3420 431 3458 uc.
440 3419 487 3458 αα.
497 3404 545 3456 lca.
556 3403 644 3456 altera
654 3406 725 3456 deni.
733 3427 767 3447 =
776 3406 811 3455 10
816 3401 866 3457 aa
875 3408 1007 3458 contenet:
1017 3404 1104 3456 τόπος

95 3524 209 3580 ἀπὸτοῦ
223 3529 325 3594 χρόνου
341 3533 412 3583 ....?
448 3475 657 3582 ddssessdfflvii
673 3528 693 3576 Ν
707 3528 919 3595 superscriptum
933 3541 990 3579 aon
1003 3530 1104 3579 certum

96 3601 130 3647 est
180 3597 337 3652 habebatur
354 3615 411 3665 mo,
429 3614 496 3652 corr.
512 3597 544 3652 St
598 3597 754 3652 accusatori
776 3594 796 3650 O
