2510 3970
420 182 492 239 PRO
514 183 653 239 Aracffla
675 191 691 252 5
710 191 734 239 ³.
1023 185 1086 250 159

71 371 126 412 nus
155 355 186 411 et
209 351 304 413 Carbo
331 369 389 413 cos.
412 351 509 431 legem
536 354 683 430 tulerrmt,
710 356 745 413 ut
771 372 887 429 omnes,
914 355 1088 431 quiessent

71 461 105 500 ex
128 442 289 501 foederatis
312 441 440 517 populis,
464 443 618 502 civitatem
640 441 807 503 Romanam
830 446 1087 519 consequerentrr,

70 531 207 591 simodo
230 530 284 590 illc
306 533 453 608 tempore,
480 549 539 608 quc
566 532 614 592 lex
640 532 705 591 lata
727 532 818 605 esset,
847 532 1033 592 domicilium
1055 534 1087 590 in

69 619 161 680 Italia
183 618 326 680 haberent
349 622 379 678 et
401 621 482 678 intra
502 620 583 680 diem
605 621 843 699 sexagensimum
863 622 992 697 professi
1014 623 1088 696 aput

47 711 239 784 apraetorem
271 709 406 768 fuissent.
456 709 538 778 Quae
570 728 638 768 cum
664 709 782 770 Licinio
809 708 938 770 Archiae
970 709 1009 768 ad
1037 727 1088 786 op-

70 797 227 858 tinendum
266 799 313 857 ins
359 799 492 858 unitatis
534 799 686 859 Romanae
727 802 904 877 argumenta
944 798 1088 872 deessent,

72 888 215 964 quoniam
236 905 331 963 neque
354 886 466 946 tabulis
483 885 723 948 Heracliensium
745 887 872 964 probare
894 890 1014 964 poterat
1036 887 1088 946 ad·

71 976 215 1035 scribtum
234 994 264 1035 se
282 977 315 1034 in
333 976 467 1036 ordinem
486 977 605 1051 civium,
624 979 735 1054 quippe
755 976 939 1036 tabularium
953 977 1086 1036 civitatis

70 1066 152 1125 illius
178 1067 329 1124 exarserat
354 1064 433 1125 bello
456 1066 574 1139 sociali,
601 1084 696 1142 neque
722 1066 801 1125 bona
829 1083 883 1124 sua
910 1067 943 1124 in
968 1083 1088 1125 censum

36 1173 57 1213 a
70 1153 228 1230 detulerat,
249 1172 317 1213 rens
340 1154 437 1213 factus
460 1154 526 1234 lege
548 1154 653 1231 Papia,
675 1173 751 1231 quae
773 1155 837 1213 lata
860 1155 961 1213 fuerat
981 1154 1020 1213 ad
1038 1171 1087 1214 eos
1125 1201 1127 1216 .

70 1242 260 1317 coercendos,
296 1243 349 1318 qui
384 1245 495 1302 temere
527 1245 558 1302 et
588 1243 704 1303 inlicite
737 1244 891 1302 civitatem
922 1243 1088 1303 Romanam

69 1334 273 1408 usurpassent.
309 1331 361 1390 Fit
379 1349 448 1410 ergo
467 1333 603 1409 quaestio
623 1333 840 1407 coniecturalis,
864 1351 902 1390 an
921 1332 1087 1391 adscribtus

70 1423 108 1480 sit
135 1423 170 1479 in
198 1420 332 1480 ordinem
354 1419 592 1480 Heracliensium
620 1423 651 1481 ct
673 1440 711 1480 an
734 1421 839 1480 fecerit
866 1423 980 1495 omnia,
1012 1439 1088 1498 quae

69 1512 93 1569 is
117 1510 217 1568 facere
240 1508 388 1586 debuerit,
415 1511 468 1586 qui
491 1512 569 1570 esset
591 1529 607 1569 e
629 1528 752 1570 numero
775 1510 1002 1570 foederatormn.
1048 1509 1089 1569 Et

36 1617 57 1656 15
70 1598 208 1658 deficitur
239 1599 360 1674 quidem
386 1598 489 1659 multis
516 1598 757 1675 probationibus,
788 1600 960 1659 testimonio
987 1601 1088 1658 tamen

69 1687 311 1747 Heracliensium
347 1690 377 1746 et
412 1689 461 1747 vel
497 1689 641 1763 maxime,
680 1687 787 1764 quibus
824 1690 890 1748 tota
927 1690 1089 1764 occupatur

70 1779 177 1850 oratio,
195 1779 330 1853 pottioae
348 1776 501 1836 facultatis
520 1780 551 1837 et
569 1777 721 1837 doctrinae
739 1777 971 1836 iucundissimae
990 1779 1089 1856 gratia

69 1867 187 1924 nititur.
224 1863 280 1925 Est
298 1867 390 1925 etiam
408 1865 519 1926 omissa
537 1867 706 1926 coniectura
725 1865 903 1942 disceptatio
920 1886 974 1942 per
991 1868 1089 1943 ipsam

70 1956 250 2031 qualitatem
267 1972 419 2030 personae,
441 1949 523 2034 (an)
542 1957 616 2014 civis
638 1954 790 2014 Romanus
814 1953 919 2014 debeat
942 1955 1089 2032 adoptari,

36 2045 191 2104 roetiamsi
213 2045 246 2102 in
268 2045 463 2119 praeteritum
485 2061 545 2103 non
568 2045 608 2103 sit
631 2043 770 2103 adscitus.

457 2181 707 2246 ΕΧΡΙὰΝὰΤΙΟ.

138 2291 223 2352 Oum
245 2311 301 2352 res
325 2295 455 2370 agatur
478 2295 566 2368 aput
587 2295 791 2369 praetorem
812 2311 841 2369 p.
861 2293 906 2369 R,
928 2293 1087 2352 lectissi·
1108 2297 1122 2358 ξ
1143 2296 1166 2344 3.

70 2401 162 2441 mum
185 2383 309 2440 virum.

135 2470 225 2530 Hanc
257 2461 337 2528 enim
368 2487 489 2530 causam
520 2470 586 2549 lege
613 2470 709 2547 Papia
740 2470 776 2529 de
803 2471 926 2530 civitate
954 2471 1089 2530 Romana

37 2575 58 2615 a
71 2562 145 2636 aput
170 2559 203 2629 Q.
223 2557 394 2618 Ciceronem
416 2559 493 2617 dixit
515 2559 655 2633 Archias,
681 2560 770 2619 huius
793 2559 832 2620 M.
853 2559 934 2617 Tulli
956 2560 1087 2618 frainem.

71 2648 262 2725 Quapropter
287 2649 409 2723 nititur,
440 2667 477 2706 ne
505 2649 603 2708 minus
632 2649 761 2708 civiliter
787 2649 871 2724 loqui
894 2649 1088 2722 existimetur,

70 2737 210 2796 recedens
242 2737 383 2796 videlicet
414 2738 603 2812 aliquantum
630 2755 649 2796 a
680 2738 792 2796 forensi
823 2755 929 2814 genere
962 2736 1087 2794 dicendi.

72 2825 158 2896 Quod
184 2826 286 2902 ipsum
312 2845 349 2884 ne
376 2843 431 2902 pro
457 2828 560 2902 inepto
589 2828 767 2902 accipiatur,
798 2827 861 2884 iam
882 2825 1089 2902 praeloquitur

72 2914 201 2975 amodo
223 2916 390 2991 praesentis
418 2932 523 2975 causae
551 2933 611 2974 non
638 2915 795 2975 abhorrere
822 2916 853 2972 et
874 2932 1018 2991 personae
1039 2915 1088 2974 vel

37 3019 59 3058 eo
71 3005 210 3078 maxime,
232 3022 287 3081 pro
310 3022 370 3081 qua
393 3004 551 3062 dicendum
574 3007 659 3079 esset,
682 3005 846 3064 convenire.

139 3143 156 3192 8
171 3136 295 3206 quippac
311 3137 335 3194 0
400 3142 433 3192 10
447 3137 539 3192 factus
555 3137 694 3210 <est>mo
758 3143 789 3191 12
805 3136 933 3206 quaestio
947 3137 989 3208 Zp
1007 3136 1089 3206 qnasi

73 3210 137 3266 Orno
175 3207 383 3277 adscribtumG
435 3213 467 3264 13
483 3209 609 3264 ordinem
622 3226 665 3264 mo
680 3208 813 3265 eodemO
865 3214 898 3264 18
913 3208 1088 3278 disceptione

73 3280 102 3346 0,
121 3296 190 3336 corr.
204 3296 248 3334 mo
312 3284 344 3334 19
364 3279 443 3350 (an)
458 3280 490 3336 St
507 3279 583 3405 (πὺξ
596 3296 640 3336 mo
707 3285 741 3334 20
760 3279 889 3334 adsocins
905 3280 934 3346 0,
953 3281 1088 3336 ceramo

73 3350 234 3406 adsociatus
253 3367 295 3406 mc
368 3356 401 3404 21
421 3353 557 3422 legi..)<P
697 3356 730 3404 22
750 3353 851 3421 agatur
869 3352 945 3408 codd.
957 3352 1011 3408 Oia.
1027 3351 1088 3421 agi-

72 3423 150 3477 tatur
165 3423 202 3480 Co
216 3422 340 3493 agitetur
353 3439 380 3477 m
414 3421 600 3477 lectissimum
612 3422 689 3478 codd.
700 3423 755 3479 Gir.
768 3422 956 3476 rectissimum
967 3423 1031 3478 Ome

73 3499 107 3547 25
122 3510 207 3563 quem
216 3509 270 3562 pro
284 3492 315 3558 Q.
331 3494 355 3549 0
388 3494 506 3550 cniusO
571 3499 605 3548 26
619 3492 802 3562 quiapropter
816 3494 840 3550 G
854 3493 946 3546 utitur
960 3495 984 3550 Ο
998 3491 1089 3546 utitur

74 3564 317 3637 (deprecatione)
335 3582 377 3621 mo
450 3569 483 3618 29
503 3565 692 3619 adhorrereO
