2584 3978
180 170 267 225 XLIV
573 169 788 226 PRAEFATIO.

181 359 216 398 ex
245 339 440 399 Bobiensibus
471 343 608 415 excerpta
637 341 669 397 in
704 340 912 399 dissertatione
944 331 1043 421 mea¹)
1073 340 1199 400 demon·

180 429 283 487 stravi.
314 428 414 504 Atque
433 446 614 505 quamquam
634 427 795 488 Gurlittius
814 431 903 505 putet
920 430 997 488 hanc
1015 429 1199 489 sententiam

181 536 228 576 me
251 519 339 577 certis
361 516 539 578 testimoniis
557 536 617 576 non
637 520 767 592 evicisse,
789 536 967 595 persuasum
988 517 1084 577 habeo
1102 519 1198 577 nemi·

181 625 250 665 nem
272 605 479 665 dubitaturum
502 624 574 679 esse,
597 607 623 666 si
645 607 732 666 modo
750 607 889 682 perlectis
909 625 985 682 quae
1007 607 1051 666 ibi
1074 609 1202 683 exposui

183 713 275 773 genus
298 695 429 768 dicendi,
457 714 515 771 quo
539 696 699 756 scholiasta
726 698 830 771 utitur,
854 715 921 755 cum
944 716 978 756 eo
1002 696 1203 772 comparabit,

182 784 262 860 quod
279 785 311 842 in
329 784 391 843 illis
410 787 555 860 excerptis
574 785 743 861 adhibetur,
767 785 815 843 cui
832 787 877 843 rei
894 784 1023 844 indicem
1041 785 1204 844 verborum

183 891 317 950 apposm.

250 961 304 1021 His
337 964 492 1039 explicatis
523 965 585 1022 iam
616 966 723 1037 restat,
755 965 790 1021 ut
817 962 967 1036 omnibus,
996 965 1049 1039 qui
1075 963 1112 1022 de
1143 965 1201 1023 hac
1279 967 1280 1024 ἔ

183 1050 311 1111 editione
338 1051 412 1111 bene
439 1055 626 1128 meruerunt,
654 1054 768 1128 gratias
800 1071 892 1128 quam
918 1055 1064 1111 maximas
1096 1070 1203 1130 agam:

182 1141 329 1216 imprimis
360 1140 546 1200 Friderioo
569 1140 693 1214 Leoni,
726 1143 779 1216 qui
809 1142 948 1219 magistri
977 1141 1097 1201 nomina
1125 1141 1203 1200 mihi
1279 1166 1280 1182 ¹

182 1229 231 1305 pie
255 1229 395 1289 colendus
418 1249 478 1288 non
501 1231 596 1290 solum
619 1249 667 1288 me
686 1230 809 1290 consilio
827 1230 879 1289 sed
897 1231 989 1289 etiam
1007 1249 1095 1306 opere
1119 1230 1206 1289 adiu·

183 1319 236 1394 vit,
255 1318 360 1377 deinde
375 1319 568 1378 Francisco
583 1319 705 1393 Ehrle,
719 1321 772 1394 qui
784 1319 1062 1378 benevolentissime
1077 1337 1201 1394 operam
1279 1309 1280 1358 l

183 1407 279 1481 dedit,
301 1412 336 1466 ut
358 1428 405 1468 me
426 1409 459 1466 in
482 1408 581 1468 codiee
604 1407 714 1467 iterum
737 1411 828 1484 atque
849 1409 961 1467 iterum
983 1407 1109 1485 legando
1134 1407 1202 1466 sub-

182 1497 309 1572 levaret,
328 1497 454 1573 denique
469 1497 718 1556 Maximiliano
733 1497 826 1555 Treu
841 1498 871 1556 et
884 1496 1032 1555 Ewaldo
1046 1495 1203 1571 Krause,

184 1587 238 1660 qui
259 1604 374 1645 mecum
397 1587 536 1664 plagulas
555 1587 751 1646 correxerunt.
783 1586 888 1662 Neque
907 1585 1073 1646 liberalitas
1092 1585 1200 1644 biblio-

183 1675 271 1750 polae
294 1675 451 1736 clarissimi
469 1675 587 1735 silentio
606 1675 873 1750 praetermittenda
892 1677 949 1750 est,
973 1674 1026 1750 qui
1044 1676 1074 1732 et
1092 1673 1199 1733 editio-

184 1783 253 1822 nem
274 1764 358 1842 larga
374 1764 517 1823 instruxit
535 1763 709 1840 duabusque
727 1763 838 1823 tabulis
857 1762 1060 1839 phototypicis
1079 1764 1202 1822 ornavit

184 1870 239 1910 nec
261 1853 439 1928 patientiam
462 1871 515 1929 per
537 1856 584 1911 tot
602 1871 694 1912 annos
717 1854 897 1928 temptatam
918 1852 1058 1929 perdidit.

252 1942 311 2000 Eos
334 1960 414 2014 vero,
438 1941 490 2017 qui
512 1942 592 2000 huno
614 1941 751 2000 libellum
772 1942 882 2020 legent,
905 1941 1019 2018 procot,
1043 1941 1201 2000 utrarios

186 2048 299 2089 errores
323 2033 469 2106 excusent,
493 2030 594 2106 quiin
612 2033 727 2089 textum
745 2033 936 2106 irrepserunt
967 2028 1088 2088 Etenim
1106 2032 1201 2096 mani·

185 2119 295 2177 festum
324 2123 368 2178 est
394 2139 454 2192 mc,
483 2121 745 2195 quotienscumque
772 2121 805 2177 in
836 2119 973 2178 morbum
1004 2117 1109 2194 incidi,
1142 2137 1202 2177 non

186 2207 260 2265 satis
288 2210 423 2266 accurate
450 2208 588 2286 plagulas
617 2209 763 2286 corrigere
791 2209 938 2284 potuiss03
971 2208 1087 2282 aliquot
1118 2207 1202 2266 locos

186 2295 247 2352 iam
273 2298 354 2372 typis
383 2316 533 2372 expressos
561 2296 657 2355 denuo
683 2297 715 2354 in
737 2297 836 2357 codice
860 2297 973 2357 contuli
997 2299 1086 2370 atqua
1110 2298 1199 2354 corri-

186 2383 297 2462 gendos
339 2385 485 2462 intellexi,
525 2404 604 2444 nunc
645 2387 750 2461 opinor
785 2385 890 2446 tabula
929 2385 1062 2446 subiecta
1098 2402 1201 2443 omnes

185 2473 280 2548 locos,
297 2475 329 2531 in
344 2475 451 2550 quibus
470 2478 524 2533 aut
541 2474 698 2550 typotheta
717 2477 772 2533 aut
790 2494 845 2554 ogo
860 2477 1033 2548 erravimus,
1047 2473 1200 2533 contineri.
