2584 3978
469 214 685 272 PRAEFATIO.
1006 216 1088 272 XVII

67 403 136 446 uem
170 388 294 446 musam
324 387 473 460 fateretur,
508 386 625 460 defendi
656 386 773 444 ormino
804 387 853 460 suc
883 403 943 444 rou
973 388 1085 460 fobert,

69 479 124 536 cat
149 477 177 534 st
198 477 264 534 tom
285 476 470 549 wadudr'cio
498 479 618 534 cebetas
646 476 805 534 donicatus
833 477 1087 545 eremitteret

67 569 94 624 ci
132 563 185 624 Ore.
213 565 369 638 Perpetuo
393 610 399 624 .
419 611 425 624 .
447 609 452 621 .
472 609 479 622 .
503 567 652 636 tamquam
687 565 829 622 adrasus
867 559 894 622 et
930 567 1084 626 timeretur.

68 655 172 730 Neque
200 654 361 714 scholiasta
387 655 451 729 ipse
478 653 607 728 primam
634 653 832 712 accusationis
856 655 973 729 partem
996 654 1085 714 verbo

62 744 246 817 praeiudicii
269 744 347 817 63‚c
376 743 507 802 denotat.
552 741 609 800 His
641 741 920 802 ratiocinationibus
946 742 1009 801 iam
1036 743 1086 802 de·

67 833 279 892 monstravisse
306 832 383 890 mihi
404 830 509 891 videor
534 829 613 889 illud
639 831 723 890 aliud
750 830 826 899 ath
848 833 1018 890 coniectura
1040 834 1084 890 in·

67 924 191 980 rentum
220 938 290 980 esse.
340 919 423 980 Idem
455 919 603 980 evincitur
635 921 665 977 et
690 918 760 980 Vat.
781 922 884 994 223,1
914 922 944 980 et
972 922 1045 996 223,
1060 932 1084 980 8.

66 1007 188 1068 Etenim
225 1011 352 1068 alterum
388 1009 423 1068 N
454 1011 488 1068 in
523 1008 614 1068 verbo
646 1010 733 1067 corriti
765 1009 855 1084 plano
896 1029 914 1068 a
952 1010 1086 1086 priorum

67 1103 236 1173 temporum
268 1117 325 1157 usu
355 1098 513 1158 abhorrere
539 1091 754 1177 Ritschelius¹)
787 1097 1016 1158 demonstravit:
1048 1119 1085 1158 ne

67 1190 98 1246 in
135 1187 348 1247 commentario
390 1186 511 1263 quidem
546 1185 686 1245 Bobiensi
724 1206 867 1262 umquam
903 1187 1018 1246 duobus
1055 1188 1091 1246 N

67 1277 216 1336 scribitur.
273 1277 377 1336 Altero
404 1277 469 1336 loco
497 1275 622 1334 verbum
649 1277 769 1335 omnino
792 1295 852 1335 non
880 1295 899 1335 a
923 1277 1085 1337 scholiasta

67 1369 246 1441 usurpatum
268 1370 350 1425 terrm
376 1364 414 1432 02
435 1365 480 1423 Ita
503 1365 599 1423 lineae
622 1366 758 1441 inseruit,
788 1368 824 1423 ut
846 1365 980 1424 homines
1004 1366 1086 1426 docti

66 1454 138 1530 quid
162 1473 198 1514 eo
221 1455 353 1514 facerent
380 1454 536 1514 nescirent.
584 1452 753 1512 Scholiasta
775 1454 828 1513 illo
852 1454 917 1513 loco
940 1454 996 1513 hoc
1018 1458 1084 1513 tan-

66 1548 132 1603 tum
156 1543 253 1603 dicere
275 1544 373 1602 voluit
392 1542 436 1602 SO
460 1543 514 1601 illo
537 1543 651 1602 factum
672 1543 773 1617 ipsum
796 1543 981 1617 damnatum,
1006 1544 1085 1619 quod

67 1632 184 1708 aliquid
212 1632 349 1708 pervim
377 1633 567 1691 commissum
590 1631 642 1704 sit,
674 1651 732 1690 non
757 1632 907 1691 Milonem.
957 1633 994 1702 02
1017 1651 1084 1693 cum

65 1721 138 1797 quid
179 1720 269 1780 verbo
309 1723 421 1794 suctores
461 1720 538 1779 falso
579 1723 648 1795 post
687 1721 817 1792 faciendi
857 1739 949 1780 causa
985 1724 1084 1798 posito

64 1811 178 1870 faceret
200 1813 335 1885 nesciret,
357 1828 439 1868 mera
462 1811 633 1869 coniectura
656 1811 740 1869 nisus
761 1814 844 1869 tereus
863 1812 1084 1887 suprascripsit,

65 1900 144 1974 quod
168 1917 264 1974 neque
282 1899 379 1958 Maius
401 1917 497 1974 neque
516 1895 655 1973 Orellius,
678 1916 745 1957 cum
769 1898 807 1958 ab
830 1899 953 1958 librario
973 1900 1082 1960 codicis

63 1988 190 2047 verbum
222 1989 366 2064 scriptum
402 1987 568 2061 crederent,
599 1988 791 2063 interpretari
822 1991 991 2064 potnerunt.
1049 1990 1084 2047 Id

64 2081 166 2136 autem
198 2076 321 2135 verbum
353 2095 450 2136 errore
482 2075 599 2134 librarii
630 2094 665 2134 ex
692 2078 823 2148 faciendi
849 2077 992 2137 iteratum
1021 2097 1083 2137 esse

63 2166 260 2224 manifestum
291 2168 344 2224 est.
390 2165 497 2240 Itaque
529 2183 597 2224 oum
626 2166 687 2223 iam
715 2165 952 2225 demonstratum
980 2168 1022 2225 sit
1046 2168 1084 2236 02

63 2274 124 2313 non
153 2272 188 2311 ex
216 2255 276 2312 alio
299 2255 503 2330 manuscripto
527 2254 707 2314 scholiorum
729 2257 845 2313 tentum
868 2256 1081 2330 mandavisse,

65 2346 128 2403 eius
153 2346 338 2402 correcturae
365 2343 463 2419 pluris
491 2342 692 2402 aestimandae
722 2362 783 2402 non
811 2347 881 2402 sunt
904 2344 945 2404 eis
969 2347 1082 2405 coniec-

65 2434 153 2507 turis,
177 2432 286 2508 quibus
309 2433 368 2490 viri
391 2433 472 2491 docti
494 2435 663 2492 nostrorum
681 2435 850 2508 temporum
869 2434 982 2493 scholia
1001 2435 1082 2493 locu-

63 2522 265 2597 pletaverunt,
288 2521 348 2580 nisi
371 2521 450 2596 quod
474 2524 704 2580 consentaneum
727 2524 773 2580 est
790 2522 869 2580 hunc
888 2526 1083 2582 correctorem

64 2610 248 2668 Milonianae
279 2611 526 2669 commentarium
559 2612 709 2687 integrum
736 2610 858 2687 legisse,
890 2611 922 2669 id
950 2612 1029 2686 quod
1054 2613 1084 2669 ct

64 2698 155 2758 verbo
178 2717 251 2758 nam
278 2701 310 2757 in
338 2699 532 2758 adnotatione
556 2700 619 2757 eius
643 2698 681 2758 ad
704 2698 772 2759 Vat.
789 2701 926 2773 234,3.4
949 2700 1029 2758 facta
1053 2703 1083 2759 ct

65 2806 97 2846 eo
132 2787 242 2862 elucet,
275 2787 354 2863 quod
385 2788 473 2860 locis,
505 2787 612 2863 quibus
644 2788 732 2846 hodie
764 2789 838 2847 folia
867 2790 977 2847 amissa
1005 2791 1082 2865 sunt,

64 2877 140 2935 nihil
165 2877 385 2942 animadvertit.
431 2876 531 2952 Atque
558 2877 614 2935 hoc
644 2878 735 2935 etiam
757 2877 949 2936 confirmatur
972 2897 1082 2953 conpu-

64 2967 180 3025 tatione
204 2967 347 3040 tcmporis
370 2967 458 3024 facta.
496 2966 565 3024 Non
583 2966 712 3024 multum
730 2967 823 3040 spatii
841 2966 926 3026 nobis
944 2967 1083 3026 relictum

65 3073 127 3114 esse
153 3073 187 3112 eo
213 3054 368 3128 evincitur,
392 3056 472 3130 quia,
496 3057 531 3113 ut
554 3058 658 3130 postea
681 3054 855 3128 videbimus,
880 3055 992 3115 scholia
1015 3058 1082 3132 ipsa

64 3142 226 3204 saeculoV
246 3145 358 3218 scripta
380 3146 458 3218 sunt,
482 3146 564 3203 aetas
588 3145 754 3218 scripturae
777 3145 895 3203 concilii
920 3145 958 3203 ad
980 3163 1080 3205 saecu·

22 3279 23 3284 ,
62 3232 126 3290 lum
150 3231 211 3289 VII
238 3235 402 3290 extremum
429 3232 477 3291 vel
500 3232 576 3290 VIII
604 3234 726 3307 spectat.
772 3233 892 3308 Itaque,
922 3253 989 3293 cum
1016 3236 1081 3310 ipse

24 3362 25 3371 .
62 3340 173 3397 parum
196 3322 311 3396 peritus
333 3321 366 3379 in
389 3321 573 3397 temporibus
596 3322 765 3380 litterarum
784 3321 958 3383 definiendis
977 3342 1081 3398 essem,

62 3409 262 3469 Traubium
280 3430 334 3487 per
351 3411 468 3469 lItteras
488 3409 558 3484 adii,
580 3413 615 3471 ut
633 3430 680 3469 me
699 3429 752 3470 sua
772 3412 897 3470 scientia
915 3412 1080 3471 adiuvaret.

27 3648 30 3663 ,
138 3597 165 3664 1)
183 3612 272 3666 opace.
291 3600 334 3664 II,
348 3602 409 3652 449.

27 3688 30 3713 ¹
116 3694 616 3738 concanonicumconsideamus.
899 3685 917 3737 b
