2510 3970
184 160 248 226 136
566 159 638 215 PRO
660 159 817 214 PLANCIO

249 327 345 388 Paulo
373 347 464 406 supra
490 329 608 388 locutus
635 347 703 388 sum
729 329 806 388 nibil
833 327 964 387 obtineri
989 329 1123 404 potuisse
1148 349 1193 406 per

185 416 215 476 (l.
232 417 397 492 Gaesarem,
420 437 488 478 cum
510 416 678 494 publicanis
702 420 777 494 aput
799 419 937 478 senatum
954 420 1193 494 patrocinaretur,

184 507 406 568 conbadicente
438 507 554 566 scilicet
584 506 624 565 M.
650 505 769 568 (tatone.
819 506 933 566 Verum
963 509 1069 583 postea
1100 506 1193 566 consul

182 597 263 658 idem
291 593 322 654 G.
347 594 456 656 Caesar
487 597 585 674 legem
616 596 689 656 tulit
721 596 760 656 ad
790 595 1018 672 publicanorum
1048 596 1194 656 commoda

181 687 396 763 pertinentem,
428 687 476 744 cui
507 687 610 746 favore
639 687 863 762 promptissimo
892 683 944 744 On.
967 684 1086 744 Plancii
1118 689 1218 761 patere

183 777 246 836 sine
270 773 360 834 dubio
384 774 516 849 adstitit,
545 774 689 851 quoniam
715 793 761 834 res
789 775 932 840 utilitatis
956 793 1027 836 suae
1050 773 1193 853 agebatur.

182 863 248 923 Hoc
271 882 352 942 ergo,
374 863 522 940 quidquid
538 865 617 924 esset
638 863 885 940 reprehensionis,
910 908 960 924 ...
983 865 1193 924 removeturin

183 955 283 1030 ipsum
307 949 464 1011 Gaesarem
487 953 562 1031 legis
586 954 739 1013 auctorem
761 953 903 1029 perlatae.

87 1047 165 1108 §to
251 1042 374 1116 Neque
398 1043 491 1099 enim
518 1041 710 1117 quicquam
738 1042 837 1102 aliud
864 1044 901 1101 in
923 1042 989 1101 bac
1011 1042 1104 1119 lege,
1132 1041 1194 1099 nisi

186 1130 357 1190 editicios
380 1129 519 1190 iudices
543 1133 688 1190 secutus
711 1149 754 1190 es.
1203 1145 1221 1184 n

325 1218 374 1278 Ad
405 1238 453 1293 ea,
481 1236 557 1295 quae
585 1222 655 1280 aunt
681 1219 856 1292 necessaria,
880 1219 1026 1280 conclusis
1053 1218 1192 1296 prioribus

183 1310 294 1368 transit
321 1310 352 1368 et
378 1309 511 1384 potuisse
533 1307 725 1368 Laterensem
747 1308 783 1367 de
811 1308 927 1368 ambitu
950 1327 1089 1368 accusare
1111 1306 1192 1384 signi·

183 1397 267 1472 ficat,
294 1398 354 1458 nisi
380 1397 536 1457 maluisset
558 1397 668 1458 idcireo
691 1417 776 1458 reum
802 1398 868 1475 lege
891 1396 1008 1456 licinia
1031 1398 1140 1470 facere,
1164 1397 1194 1452 ut

184 1486 308 1547 haberet
335 1486 447 1546 iudices
475 1486 624 1562 editicios,
652 1486 687 1545 de
712 1488 795 1546 cuius
818 1488 932 1545 formae
956 1486 1118 1546 acerbitate
1139 1486 1193 1544 iam

185 1594 286 1636 sumus
317 1577 350 1633 in
383 1579 558 1654 argumento
590 1577 766 1652 praelocuti.
820 1573 997 1634 Diffidentia
1029 1577 1122 1654 igitur
1152 1589 1222 1632 aco

185 1665 330 1726 cusatoris
363 1664 530 1724 ostenditur
560 1665 629 1724 ideo
661 1664 830 1724 invadentis
862 1666 895 1722 in
922 1665 1019 1743 legem
1045 1663 1192 1734 Liciniam,

185 1754 265 1830 quod
292 1752 422 1814 ambitus
449 1753 570 1829 probari
597 1773 657 1814 non
683 1755 787 1829 possit,
819 1752 855 1812 de
878 1772 938 1830 quo
960 1753 1073 1814 iudices
1100 1772 1135 1812 ex
1154 1769 1192 1810 re

185 1842 313 1902 iectione
330 1842 435 1900 haberi
453 1843 581 1902 soleant:
605 1843 760 1918 aequalem
779 1843 892 1902 scilicet
905 1861 1063 1909 numerum
1080 1841 1191 1900 reicien-

184 1930 264 1992 tibus
287 1933 354 1990 tam
377 1933 546 1992 accusatore
570 1950 661 2007 qnam
683 1951 742 1992 rao.
779 1930 892 1990 Verum
910 1934 1011 2007 specta
1030 1931 1192 2009 diligentius

186 2039 305 2080 omnem
340 2022 513 2080 contextum
548 2021 636 2080 huius
675 2064 752 2094 ...,
788 2023 823 2078 ut
859 2021 1016 2098 intellegas
1053 2022 1220 2080 orator-ems

185 2127 304 2170 movere
332 2110 461 2184 speciem
490 2109 641 2185 quandam
728 2111 761 2168 in
789 2108 912 2168 modum
941 2110 1192 2186 praescriptivum:

185 2199 266 2258 facta
302 2200 422 2258 senatus
457 2199 585 2258 consulti
621 2200 784 2273 mentione,
821 2199 874 2275 qui
910 2198 1072 2258 secundum
1106 2198 1193 2275 legem

184 2287 333 2346 Liciniam
361 2289 504 2363 quattuor
528 2286 576 2346 edi
602 2286 697 2348 tribus
730 2287 767 2346 ab
800 2289 971 2347 accusatore
994 2288 1136 2360 voluerit,
1164 2303 1193 2343 ex

186 2374 293 2451 quibus
315 2394 367 2435 reo
394 2376 499 2436 liceret
525 2395 617 2434 unam
639 2376 808 2453 repudiare,
841 2379 876 2435 ut
903 2375 939 2435 de
962 2376 1057 2436 tribua
1080 2375 1193 2451 reliquis

185 2464 317 2524 iudicum
339 2463 463 2524 baberet
486 2465 660 2542 editionem
686 2468 788 2526 tmen
815 2465 853 2524 ab
881 2468 1053 2525 accusatore
1075 2467 1117 2524 sic
1138 2463 1223 2522 fiens

255 2623 269 2670 1
291 2622 350 2684 133,
366 2622 446 2686 8sqq.

237 2693 269 2740 15
291 2693 350 2754 125,
366 2692 399 2741 28
409 2705 464 2757 sqq.

254 2828 614 2886 asclucetcooTR-ol·
684 2829 939 2899 tproptiseimoO
993 2831 1141 2956 ilocdg⁴
1153 2847 1194 2884 cm.

186 2901 310 2955 =15litt
317 2903 389 2954 κατὰ
400 2901 542 2967 μετάθεειν
550 2901 673 2969 supptZ
694 2903 766 2956 κατὰ
777 2903 955 2967 perderent?
992 2902 1108 2958 sanct
1138 2899 1194 2970 affl

188 2971 400 3026 RGPCRldeC
415 2972 558 3025 auctorem
572 2988 662 3040 nuper
670 2919 751 3027 {atae
764 2989 816 3040 mc,
835 2989 902 3027 corr.
913 2971 946 3028 st
1013 2978 1028 3026 9
1044 2972 1117 3027 aluit
1130 2973 1153 3028 Ο

188 3047 222 3096 10
241 3058 270 3096 es
290 3043 401 3095 secutus
420 3043 495 3098 codd.
509 3043 562 3097 Oic.
638 3048 669 3096 11
690 3044 740 3098 loc.
755 3049 773 3098 5
790 3059 838 3098 cn.
854 3044 887 3113 †
906 3060 954 3098 aa.
972 3044 1021 3098 lia.
1037 3047 1070 3113 †
1090 3045 1140 3116 174
1154 3060 1195 3098 oc.

188 3139 221 3158 =
236 3116 272 3167 43
287 3114 337 3168 litt.
352 3115 393 3169 oct
410 3131 458 3186 mc.
474 3114 567 3184 lio-l·
583 3113 634 3186 4¹s4
649 3131 743 3170 cras:
757 3119 795 3169 29
814 3117 864 3170 litt.
889 3117 944 3169 ἀπὸ
967 3121 1027 3169 τῶν
1051 3119 1141 3183 ἔργων
1158 3117 1197 3167 καὶ

188 3187 243 3239 ἀπὸ
257 3184 503 3252 montecuccoli
519 3186 678 3242 ἀντιδίκουῖ
747 3193 779 3240 14
794 3186 885 3241 forma
900 3187 929 3252 0,
943 3188 1147 3242 commodate

189 3260 222 3308 15
242 3253 403 3308 differentia
418 3257 490 3322 Ouio,
504 3274 572 3314 corr.
586 3257 623 3313 Or
687 3263 719 3311 17
734 3258 893 3326 probares}
954 3262 986 3312 19
1002 3257 1134 3312 licentius
1148 3258 1197 3320 or,

187 3343 255 3382 corr.
270 3326 397 3380 Niebuhr
478 3333 512 3382 20
536 3329 1167 3397 loc.5†1cm.=141itt.mttoncpodl

188 3397 327 3452 oratorem
341 3413 417 3451 more
428 3399 452 3454 0
463 3399 585 3453 oratorio
599 3417 676 3454 more
690 3416 733 3454 mo
747 3401 887 3454 oratorem
900 3417 977 3454 more
990 3401 1085 3473 (suo)
1095 3401 1136 3482 Zp

189 3474 222 3521 21
243 3470 292 3522 bac.
308 3471 325 3521 3
340 3469 372 3536 -Ι-
388 3469 438 3539 3¹s,
458 3486 507 3523 cra.
522 3493 557 3514 =
576 3475 611 3523 15
631 3473 680 3525 litt.
702 3471 903 3538 pesoltpeutc‘?
982 3478 1015 3525 22
1034 3475 1196 3527 mentsonem

190 3540 213 3592 0
265 3553 338 3606 quae
358 3539 381 3592 0
398 3555 452 3605 quo
471 3557 510 3604 m,
529 3557 595 3593 corr.
613 3541 734 3596 Wunder
816 3548 849 3595 26
875 3542 941 3614 luo!
