2554 3978
190 180 254 244 120
576 181 616 234 IN
634 181 818 236 VATINIUM

186 349 293 408 Vatini
310 351 477 425 professum
496 369 559 410 esse
578 354 652 427 aput
670 354 806 410 senatum
825 369 855 410 se
873 351 1078 409 indicatam-um
1099 350 1205 426 pleros·

187 454 244 514 que
267 439 467 499 nobilissimos
491 442 570 500 viros
590 440 625 498 de
644 440 847 500 interficiendo
866 439 1038 516 Pompeio'
1029 441 1126 500 misse
1145 457 1205 499 coa·

185 529 367 587 iurationem
398 529 487 605 idque
519 531 673 607 negotium
705 529 763 588 sibi
794 529 965 604 mandasse;
996 529 1077 587 hunc
1109 505 1251 588 tamen

186 616 324 676 Vettium
360 619 393 675 in
424 635 572 676 carcerem
605 621 771 678 coniectum
803 622 893 694 atque
924 618 1036 677 ibidem
1068 621 1205 677 necatum

186 708 260 782 ipsis
296 707 486 782 potissimum
524 707 708 783 auctoribus,
750 709 802 783 qui
838 726 906 766 eum
942 708 981 768 ad
1016 706 1229 766 mendaciumr

188 795 406 855 subornassent.
1250 787 1251 794 '

255 882 285 942 C.
315 882 518 957 Curionem,
554 888 766 960 perpetuum
793 885 932 945 hostem
963 883 1203 961 inproborum.

253 972 294 1031 Mt
320 973 399 1031 huuc
421 972 454 1030 L.
469 973 589 1034 Vettius
617 976 784 1034 nominasse
811 976 891 1034 inter
914 976 1025 1033 ceteros
1048 972 1204 1032 ridebatur

186 1063 270 1121 velut
288 1062 448 1120 mandatae
467 1064 500 1121 in
518 1063 693 1139 Pompeium
712 1063 811 1122 caedis
831 1065 990 1122 auctorem.
1028 1053 1089 1130 Qui
1107 1065 1203 1120 tamon

188 1149 277 1210 Curio
295 1150 456 1211 honorifice
474 1170 553 1210 nunc
572 1169 590 1209 a
609 1152 708 1211 Tullio
727 1153 909 1230 nominatur,
932 1170 1000 1210 cum
1017 1151 1204 1211 vehementer
1214 1167 1231 1206 n

187 1243 217 1298 ct
240 1258 343 1317 aspere
361 1241 509 1300 laceratus
528 1242 568 1300 sit
587 1240 624 1299 ab
643 1240 746 1300 eodem
764 1243 958 1316 moratione,
981 1258 1041 1316 qua
1060 1242 1092 1298 et
1109 1241 1204 1317 ipsum
1250 1259 1251 1296 1

188 1333 219 1386 et
240 1329 272 1387 P.
293 1327 430 1388 Clodium
452 1331 613 1389 lacessivit.

90 1422 167 1485 §ab
255 1416 321 1486 Qui
348 1418 434 1477 duos
468 1420 629 1479 nefarios
658 1420 803 1495 patriae
829 1419 1036 1495 proditores
1064 1417 1203 1495 legibus

187 1509 456 1566 exterminaret.

254 1596 299 1657 Do
322 1595 414 1655 Lucio
437 1597 567 1655 Aemilio
591 1596 685 1656 Paulo
709 1597 792 1672 dicit,
815 1598 869 1673 qui
892 1597 1082 1656 consulatum
1104 1598 1202 1671 postea
1213 1611 1231 1650 u

187 1703 255 1742 cum
282 1685 321 1742 M.
340 1685 481 1744 Marcello
510 1687 603 1764 gessit
630 1688 698 1744 ante
729 1705 841 1744 annum
870 1703 961 1762 quam
983 1685 1098 1743 bellum
1121 1684 1202 1742 civile

187 1773 311 1848 Pompei
338 1777 369 1832 et
398 1773 531 1833 Caesaris
560 1774 769 1834 exardesceret.
815 1774 875 1832 Hic
901 1776 996 1852 igitur
1018 1773 1132 1832 Paulus
1160 1790 1202 1830 ac-

188 1880 290 1921 cusare
313 1864 486 1922 instituerat
514 1863 549 1922 de
572 1865 604 1922 vi
625 1862 658 1921 L.
679 1862 842 1923 Catilinam
870 1865 915 1937 et,
942 1865 977 1921 ut
1000 1862 1126 1938 quidam
1147 1879 1202 1920 me

186 1952 300 2010 moriae
332 1951 533 2026 tradiderunt,
571 1951 601 2010 C.
631 1951 802 2030 Cethegum.
863 1951 922 2011 Sed
958 1953 1038 2010 enim
1076 1950 1202 2010 Catilina

188 2039 325 2098 deficiens
349 2040 386 2098 ab
409 2059 441 2098 re
459 2060 488 2115 p.
508 2059 539 2100 ee
558 2041 597 2098 ad
615 2060 699 2099 arma
722 2043 898 2116 contulerat,
923 2039 1071 2118 Cethegus
1091 2054 1250 2116 quoquae>¹

187 2131 220 2188 in
243 2128 347 2187 eadem
370 2132 608 2204 perseveratione
632 2131 803 2190 consumtus
827 2133 880 2189 est.

90 2222 167 2284 §aa
256 2216 487 2295 Spoliaretur
513 2217 693 2278 beneficio
722 2222 756 2278 et
783 2220 970 2295 acquitate
998 2219 1093 2296 legis
1117 2219 1201 2276 tuac.

255 2305 366 2385 Legem
412 2307 532 2382 quidem
572 2308 650 2367 hano
690 2326 750 2367 non
790 2307 1008 2384 inprobabilem
1049 2306 1203 2366 videbatur

188 2393 219 2453 P.
238 2395 380 2455 Vatinius
412 2397 445 2454 in
472 2395 628 2454 tribunatu
657 2415 710 2456 suo
736 2415 925 2474 perrogasee‚
957 2399 991 2454 ut
1023 2396 1202 2455 alternorum

187 2484 320 2542 iudicum
349 2486 471 2543 reiectio
503 2485 594 2545 fieret.
646 2484 704 2544 Sed
737 2488 822 2544 acute
855 2485 986 2544 detrahit
1017 2487 1046 2543 ei
1079 2484 1201 2555 laudem,
1212 2495 1230 2536 11

188 2591 278 2649 quam
297 2574 332 2632 de
352 2576 504 2651 aequitate
523 2575 598 2652 legis
618 2575 759 2649 consequi
777 2577 904 2651 poterat
927 2591 962 2633 eo
981 2575 1107 2648 scilicet,
1131 2571 1203 2650 quod

186 2663 220 2721 id
242 2663 350 2741 egerit,
378 2666 412 2722 ut
436 2662 466 2721 C.
486 2663 647 2737 Antonius,
676 2665 729 2739 qui
752 2665 867 2742 collega
889 2663 928 2720 M.
948 2663 1031 2721 Tulli
1053 2664 1155 2722 fuerat
1175 2663 1202 2718 in

188 2753 361 2825 consulatu,
385 2755 454 2810 ante
476 2771 544 2812 reus
567 2751 652 2810 fieret
674 2752 883 2811 accusantibus
907 2750 939 2820 Q.
958 2751 1053 2810 Fabio
1076 2751 1203 2810 Maximo
1248 2761 1249 2764 ’

188 2845 219 2900 et
240 2841 279 2898 M.
300 2839 401 2900 Caelio
424 2841 517 2916 Rufo,
545 2859 635 2917 quam
662 2841 710 2899 lex
732 2840 858 2899 Vatinia
887 2841 924 2899 de
946 2843 1108 2900 reiectione
1131 2839 1203 2900 iudi·

188 2948 256 2989 cum
278 2932 472 3006 perferretur,
499 2933 534 2988 ut
556 2932 657 3006 posset
684 2931 865 3005 aequissimo
887 2931 998 2989 iudicio
1021 2948 1091 2989 reus
1114 2930 1230 2988 Antea

188 3021 256 3078 nius
292 3021 420 3096 privari,
458 3038 525 3078 cum
561 3020 738 3096 praesertim
775 3022 853 3078 esset
883 3019 931 3077 illi
953 3018 1096 3106 Vatinius
1129 3018 1202 3076 idem

256 3203 639 3270 311Ν611-11Ρ818
730 3206 823 3261 ellel
841 3206 930 3260 veluti
949 3223 992 3260 mo
1073 3205 1201 3258 mandate

189 3278 213 3332 0
285 3282 318 3329 lt
341 3276 479 3332 BalbcC
554 3283 587 3331 19
611 3277 832 3348 CaethcgnmC
907 3283 939 3330 21
965 3277 1159 3330 coniuratione
1179 3291 1201 3328 11

188 3363 369 3417 perseverans
378 3349 488 3402 ratione
497 3351 539 3403 cel
551 3365 733 3419 perseverane
747 3349 941 3402 coniuratione
953 3348 990 3403 Or
1062 3354 1097 3401 26
1111 3346 1201 3414 aequi·

187 3419 326 3473 tatemC
440 3425 530 3472 1611
560 3421 635 3489 quod
659 3420 768 3491 degerit
794 3422 818 3476 C
843 3421 918 3488 quod
942 3418 1032 3489 egerit
1054 3435 1112 3484 mo,
1138 3433 1200 3473 corr

188 3490 221 3544 St
316 3494 349 3540 30
371 3492 404 3541 nt
428 3491 465 3544 Co
488 3506 523 3543 ne
546 3509 573 3544 m
670 3497 703 3546 31
733 3491 853 3560 eaperiri
877 3493 901 3546 C
926 3507 959 3545 ea
982 3489 1060 3543 feriri
1083 3507 1127 3544 rao
1150 3487 1248 3542 nui

189 3559 316 3612 Niebuhr
333 3577 360 3611 m
381 3575 415 3611 ea
433 3559 493 3612 ficri
513 3562 600 3615 Halm
1247 3565 1248 3639 l
