2510 3970
165 135 226 199 138
546 135 617 190 PRO
640 135 797 191 PLANCIO

160 303 275 363 Iudices
299 323 369 382 ergo
388 323 448 364 non
466 306 555 365 laesit
577 307 607 364 et
627 307 814 383 propositum
833 306 978 364 malitiosi
997 305 1167 364 accusatoris

161 393 298 452 ostendit.

226 480 279 540 An
297 501 380 541 vero
404 502 516 559 nuper
540 485 739 544 clarissimi
761 486 858 544 cives
881 501 1008 543 nomen
1032 482 1167 541 editicii

159 571 292 630 iudicis
316 589 384 630 non
406 573 579 631 tulerunt.

226 659 332 718 Adhuc
356 659 488 735 eandem,
512 664 658 736 quantum
680 661 768 720 rebus
791 663 865 738 ipsis
890 663 1024 737 apparet,
1047 661 1194 719 inculcata
1232 687 1233 724 v

159 750 352 824 iniquitatem
369 749 483 824 iudicii,
507 751 587 825 quod
604 749 774 810 Laterensis
793 753 828 809 ut
845 769 881 808 ex
899 741 1028 808 editiciis
1047 749 1169 820 haberet,

160 839 288 896 maxime
311 837 508 898 laboraverat.
554 839 595 897 Et
616 840 673 898 hac
696 841 729 897 in
756 842 841 916 parte
865 840 1169 898 commemorationem
1232 855 1233 912 }

159 927 279 987 videtur
301 927 398 986 facere
422 927 539 987 Tullius
563 929 625 988 eius
648 930 801 1005 temporis,
825 947 883 1004 quo
908 927 1030 988 Servius
1232 919 1233 932 ²

478 1032 607 1107 (Desunt
628 1035 681 1094 IV
697 1034 851 1109 popinae.)

64 1143 139 1204 550.
301 1140 476 1218 suffragium
497 1142 625 1217 tulisset,
649 1160 717 1199 eum
739 1143 833 1201 totius
855 1141 962 1217 populi
985 1142 1168 1200 consensione
1179 1155 1196 1194 n

160 1230 253 1306 gratis
277 1229 466 1308 designatum
489 1248 552 1289 esse
575 1229 768 1289 manifestum
791 1232 839 1289 sit.
1232 1227 1233 1230 ’

225 1317 423 1394 Numquam
451 1320 544 1377 enim
571 1318 761 1394 nobilitas,
789 1321 933 1397 integra
960 1319 1169 1394 praesertim

160 1408 267 1482 atque
290 1409 474 1477 innocenS,
499 1427 516 1466 a
539 1409 672 1484 populo
697 1409 849 1484 supplex

287 1495 464 1572 exprobrare
482 1495 646 1555 identidem
664 1496 843 1572 superbiam,
863 1496 942 1572 quod
960 1497 1055 1554 nimia
1068 1493 1169 1553 fiducia

158 1584 326 1644 nobilitatis
354 1585 530 1663 dedignatus
559 1587 599 1644 sit
620 1586 731 1662 populo
760 1587 929 1661 supplicare
957 1603 991 1644 ao
1019 1586 1197 1660 proptereac
1232 1595 1233 1614 ¹

158 1692 217 1731 non
240 1674 447 1748 impetraverit
470 1674 667 1749 aedilitatem,
696 1693 772 1750 quae
796 1693 813 1733 a
835 1675 958 1733 Plancio
982 1672 1169 1734 verecundius
1232 1685 1233 1732 i

158 1764 247 1836 atque
270 1762 425 1822 demissius
448 1764 563 1838 peteret
601 1809 606 1820 .

61 1854 137 1914 551.
223 1849 318 1910 Avus
346 1869 429 1910 vero
456 1854 539 1910 tuus
567 1853 602 1910 et
624 1851 656 1910 P.
679 1851 834 1910 Nasicas
864 1852 935 1910 tibi
963 1852 1168 1910 aediliciam

156 1939 387 2014 praedicaret
409 1942 600 2015 repulsam.
1231 2016 1232 2019 Ἴ

224 2027 333 2086 Totum
364 2029 421 2088 hoc
546 2029 727 2088 sufficienter
761 2030 899 2104 implevit
931 2073 997 2102 ...,
1034 2029 1198 2104 quoniamae

157 2117 268 2175 fecerat
290 2117 343 2175 ille
367 2118 638 2194 quaestiunculam,
665 2121 700 2176 ut
728 2117 855 2178 ambisse
878 2117 1035 2176 Plancium
1062 2137 1097 2176 ex
1119 2117 1168 2174 hoc

156 2205 344 2280 probaretur,
377 2207 457 2282 quod
487 2209 675 2283 praepositus
709 2209 786 2266 esset
817 2207 1003 2266 nobilissimo
1036 2206 1168 2266 senatori.

156 2293 214 2352 Hic
229 2314 298 2373 ergo
317 2297 404 2370 quasi
422 2315 457 2354 er
475 2314 602 2372 persona
624 2297 720 2372 patris
741 2297 803 2355 eius
823 2298 853 2354 et
872 2297 922 2354 avi
941 2296 977 2353 de
996 2295 1064 2354 aliis
1084 2297 1168 2354 etiam

156 2382 306 2442 nobilibus
325 2385 430 2442 intulit
448 2386 638 2459 mentionem,
662 2403 735 2461 quos
759 2385 892 2461 repulsos
913 2385 949 2443 ab
972 2385 1085 2443 honore
1107 2401 1168 2442 con·

156 2471 262 2530 stabat.
304 2472 361 2531 lllo
385 2474 480 2551 igitur
503 2474 656 2532 contendit
680 2474 947 2552 argumentationis
972 2473 1102 2548 effectus,
1126 2488 1198 2530 coss

155 2562 204 2619 vel
236 2563 378 2634 maxime,
411 2563 464 2637 qui
494 2561 603 2621 blande
635 2564 665 2620 et
698 2563 873 2638 suppliciter
904 2564 1023 2637 petant,
1056 2561 1168 2620 facilius

156 2650 307 2728 designari
330 2651 433 2725 solere,
457 2651 576 2726 quando
600 2652 739 2727 superbia
761 2651 943 2710 nobiliorum
967 2651 1005 2710 ad
1027 2650 1168 2710 invidiam

156 2741 218 2798 sive
242 2740 344 2798 odium
366 2740 529 2815 proclivior
552 2759 614 2800 esse
639 2742 797 2799 consuerit.

222 2898 238 2944 3
262 2891 371 2947 editicii
394 2891 469 2946 codd.
487 2891 540 2946 Cic.
565 2891 713 2946 editicium
737 2892 801 2948 Orno
892 2897 908 2944 5
931 2891 1044 2944 adhunc
1069 2892 1092 2946 0

155 2967 172 3016 8
195 2963 245 3032 Sel!
269 2962 380 3017 Servius
404 2962 545 3031 Sulpicius
568 2980 611 3018 mo
634 2965 691 3018 coll.
713 2963 767 3018 Cic.
783 2979 837 3032 pro
858 2960 980 3018 Murano
997 2966 1090 3030 aas?

156 3038 188 3088 12
204 3034 279 3086 enim
292 3033 351 3088 fere
365 3034 440 3089 codd.
453 3034 507 3089 Cic.
564 3039 597 3088 13
612 3033 717 3103 populo
732 3033 859 3088 Romano
874 3033 949 3088 codd.
962 3035 1016 3089 θέο.
1054 3031 1169 3101 supplex

1127 3189 1169 3228 01·

155 3105 288 3173 probrare
313 3107 336 3161 0
357 3105 476 3175 supplex
495 3104 666 3188 <repudiata
688 3104 774 3188 fuit).
807 3105 966 3173 Exprobrat
988 3120 1031 3159 mo
1055 3102 1168 3246 supplex

155 3174 326 3247 <repudiata
349 3179 399 3230 est.
436 3175 497 3231 Hac
520 3195 551 3232 m
573 3179 654 3245 parte
677 3175 786 3229 Tullius
809 3175 920 3231 videtur
943 3175 1086 3242 Torquato

154 3245 305 3313 probrare?
379 3252 411 3300 17
431 3247 503 3314 ooll-
579 3253 611 3301 18
630 3245 734 3300 Nasica
750 3248 813 3304 Orno
832 3245 952 3301 Nasicae
971 3245 1047 3300 codd.
1065 3247 1120 3302 Gir.

154 3315 230 3371 ibiO
300 3318 894 3390 20lac.3†1¹s,om.=81itt.tvddpnpc?
931 3317 1166 3390 lac.5†4¹l,crn.

155 3467 189 3486 =
202 3445 240 3494 25
253 3442 303 3496 litt.
318 3444 551 3508 παραδειγμάτων
570 3443 783 3510 καταριθμήεει2
857 3447 889 3497 21
911 3435 978 3498 cd‘c
1047 3447 1081 3495 22
1101 3389 1166 3509 (illd

157 3510 538 3582 Psaeflsoslvituiesset
579 3513 797 3569 nobilissimae*
880 3519 914 3567 23
937 3512 1074 3569 aulaeas
