2510 3970
516 215 531 275 t
550 213 664 262 27-33.
1030 207 1094 272 133

78 378 116 436 ds
138 380 224 454 patre
244 379 325 452 dicit,
348 376 425 436 illud
443 380 501 436 est:
524 375 598 436 Ourn
616 379 754 455 princeps
774 380 851 436 esset
868 376 1095 454 publicanorum

77 465 131 525 On.
151 465 268 526 Plancii
294 469 380 543 pater
407 469 437 525 et
468 468 594 526 societas
621 466 723 526 eadem
749 468 782 524 in
810 468 977 526 exercendis
1004 469 1095 526 vecti-
1122 541 1124 548 Α

77 555 198 634 galibus
221 557 398 634 gravissimo
425 556 534 615 damno
557 555 708 636 videretur
736 555 866 629 adfecte,
895 555 1096 614 desideratum

77 647 125 704 est
155 647 189 702 in
221 648 326 704 senatu
358 647 476 705 nomine
508 645 749 721 publicanorum,
782 648 816 704 ut
848 663 915 704 cum
946 645 985 704 iis
1016 647 1095 704 ratio

50 736 237 810 sputaretur
259 735 325 812 lege
348 733 523 811 Sempronia
552 737 583 793 et
605 734 789 794 remissionis
811 737 931 793 tantum
953 733 1037 792 fieret
1059 734 1095 792 de

77 842 196 882 summa
219 824 371 900 pecuniae,
395 826 542 899 quantum
565 825 700 899 aequitas
723 823 902 900 postularet,
925 842 979 899 pro
1003 841 1096 898 quan-

76 914 169 970 titate
192 911 376 988 damnorum,
399 911 507 988 quibus
531 913 651 971 firerant
671 912 777 972 hostili
798 913 966 972 incursione
986 913 1094 972 vexati.

75 1001 189 1060 Adfuit
214 1003 308 1079 igitur
336 999 444 1060 Caesar
471 1019 578 1060 causae
604 1001 833 1078 publicanorum
859 1020 1019 1076 eorumque
1047 1000 1095 1059 de-

77 1089 212 1149 sideriis:
241 1089 421 1149 contradixit
447 1109 502 1166 pro
529 1092 632 1169 vigore
659 1090 788 1150 duritiae
816 1109 887 1150 suae
909 1089 947 1148 M.
969 1089 1043 1149 (lato
1066 1092 1096 1148 et

37 1199 63 1236 10
78 1176 276 1238 diamtotum
294 1179 466 1255 prolixitate
480 1181 629 1239 'orationis
648 1197 719 1240 suae
738 1181 904 1256 occupavit,
923 1182 958 1237 nt
976 1182 1096 1238 senatus

77 1266 256 1326 decernendi
274 1269 406 1344 spatium
419 1287 480 1327 non
492 1268 623 1328 haberet.
654 1269 691 1327 Id
705 1271 822 1345 tempus
842 1287 912 1346 ergo
926 1267 1096 1327 Laterensis

76 1355 275 1416 denotaverat
288 1357 470 1418 invidiosum
480 1357 603 1417 Plancio
612 1375 675 1417 esse
690 1357 835 1432 debuisse,
844 1359 1003 1434 quominus
1012 1356 1097 1416 fieret

76 1445 195 1520 aedilis,
213 1446 331 1522 quando
349 1449 436 1522 pater
454 1447 517 1506 eius
537 1447 682 1522 quaedam
699 1445 823 1506 liberius
844 1449 875 1505 et
893 1447 1021 1505 exertius
1044 1445 1096 1505 ad-

75 1551 182 1594 versus
192 1535 336 1610 quosdam
348 1537 494 1612 primores
504 1539 623 1596 senatus
633 1537 666 1594 in
678 1534 907 1613 publicanorum
916 1536 1095 1612 allegatione

36 1642 61 1681 ιι
76 1621 210 1682 dixisset
252 1623 288 1682 Id
304 1628 425 1684 revocat
444 1627 545 1683 orator
567 1669 618 1683 ...
642 1619 725 1704 (ad)
744 1624 953 1699 defensionem,
975 1624 1096 1682 licuisse

77 1711 179 1770 dicens
202 1715 363 1788 unicuique
386 1714 422 1771 de
441 1715 503 1772 suis
526 1715 645 1773 iniuriis
663 1713 756 1772 libere
779 1715 928 1790 conqueri.

145 1800 219 1878 Ego
259 1800 535 1877 publicanorum
574 1804 611 1862 in
648 1801 681 1871 Q.
715 1801 938 1878 Scaevolam,
978 1803 1095 1862 virum
1115 1799 1191 1872 §[33.

76 1890 244 1949 omnibus
273 1892 435 1968 ingenio,
466 1892 629 1965 iustitia,
661 1893 879 1970 integritate
906 1894 1095 1967 praestan-

76 1981 162 2054 tem,
185 1996 311 2059 aspere
330 1982 365 2038 et
382 1981 556 2040 ferociter
575 1981 672 2039 dicta
691 1979 977 2040 commemorem?
1006 1978 1094 2039 Gon-

35 2067 152 2126 rosuli
183 2066 215 2125 P.
243 2069 396 2128 Nasicae
431 2088 560 2144 praeco
594 2067 747 2129 Granius
783 2070 899 2128 medio
934 2072 971 2128 in
1004 2070 1094 2144 foro,

78 2175 157 2214 cum
180 2157 244 2215 illa
268 2158 386 2216 edicto
410 2159 556 2217 iustitio
576 2159 714 2218 domum
738 2158 909 2218 decedens
930 2161 1095 2236 rogasset

79 2243 266 2320 Granium,
303 2247 389 2320 quid
423 2249 546 2307 tristis
583 2249 692 2324 essst3
729 2267 772 2306 an
809 2247 902 2323 quod
937 2249 1094 2307 reiectae

79 2335 268 2394 auctiones
309 2338 441 2396 essent:
483 2331 607 2397 ‘Immo
648 2332 759 2412 vero',
803 2338 940 2412 inquit,
987 2331 1094 2411 ‘quod

78 2418 314 2501 legationesl'

38 2531 64 2570 ιι
223 2512 434 2572 Potentissime
455 2514 491 2572 ab
515 2515 656 2591 exemplis
680 2515 811 2590 qualitas
835 2513 973 2574 absoluta
995 2513 1093 2572 firma·

76 2603 141 2658 tur:
168 2601 287 2660 licuisse
308 2600 431 2662 Plancio
460 2603 569 2662 seniori
596 2603 743 2679 quaedam
770 2602 892 2662 liberius
921 2603 1016 2661 dicere
1039 2621 1093 2678 pro

78 2691 221 2749 societate
243 2689 479 2766 publicanorum,
503 2693 556 2767 qui
578 2694 671 2751 etiam
692 2694 725 2750 in
749 2690 782 2760 Q.
807 2691 990 2765 Scaevolam,
1013 2693 1094 2749 omni

77 2780 191 2837 virtute
218 2781 507 2854 praestantissimum
534 2783 645 2856 virum,
677 2780 816 2840 fiduciam
844 2799 914 2840 suas
945 2779 1093 2838 libertatis

146 2935 161 2983 9
181 2933 215 2999 of.
234 2930 297 2984 Val.
316 2931 389 2985 Max.
408 2932 434 2986 ΙΙ
454 2938 495 2999 10,
511 2938 534 2986 7.

146 3091 521 3161 6pecuma0mo,corr.Mac'
580 3091 930 3162 8aditC,scdoidepostea
966 3091 1091 3165 ΕΟΚΙΓ)

78 3162 169 3229 (ΙΙΙΙΒΙ
183 3161 485 3218 Fuesaussnosssru’
511 3163 875 3220 rucuasloceuexaslas
887 3164 890 3236 l
904 3163 1093 3218 sufflamus

77 3233 288 3301 caesamque
295 3233 299 3306 l
356 3239 389 3287 15
401 3234 488 3289 1002θ
497 3236 709 3306 44101ομ12
718 3237 767 3290 litt.
777 3235 838 3290 κατ’
847 3236 994 3303 ἀντίληψιν
1004 3237 1092 3306 suppl.

76 3307 117 3378 29
154 3305 345 3360 defensionem
361 3307 424 3361 Ome
444 3305 606 3360 defensione
619 3307 661 3378 Zp
734 3312 766 3360 17
786 3307 817 3360 in
831 3306 861 3372 Q.
876 3324 932 3373 mo,
951 3307 1026 3361 codd.
1039 3309 1093 3362 Oia.

76 3377 202 3446 nequet*
269 3383 301 3431 19
315 3376 446 3430 ferociter
455 3379 484 3430 et
491 3376 580 3431 libere
589 3377 665 3433 codd.
673 3379 727 3434 Oic.
797 3384 828 3431 21
845 3378 1039 3433 dictustitioO

78 3455 110 3502 22
129 3448 199 3518 quid
213 3449 304 3502 tristis
318 3464 374 3514 mo,
392 3448 468 3503 codd.
481 3450 534 3504 Oia.
550 3448 676 3516 quintius
691 3448 754 3518 quis
770 3451 793 3504 G
863 3456 896 3504 25
917 3451 965 3504 loc.
981 3467 1027 3503 ιιιι.
1044 3451 1091 3504 liu.

78 3519 245 3592 -{-⁸J,cm.=
255 3523 293 3574 20
303 3521 352 3574 litt.
364 3519 508 3587 ἀντίληψι(
518 3523 573 3575 ἀπὸ
582 3523 816 3588 παραδειγμάτων
829 3522 965 3591 suppth
975 3522 1093 3589 (arcellas.¹

77 3592 233 3659 ἀντίληψις·
252 3590 473 3660 παραδείγματα)
547 3596 579 3644 27
600 3592 716 3659 quan
987 3641 989 3649 ,
