2554 3978
519 221 550 294 ’ς
571 231 683 281 37-42.
1074 228 1116 292 47

99 395 174 453 situs
199 395 249 469 sit,
272 399 307 453 nt
324 395 497 455 viderentur
514 395 687 472 perdidisse,
709 415 746 454 ne
768 399 821 454 aut
837 398 898 472 ipsi
916 397 1120 472 periclitaren-

97 487 148 542 tur
171 487 226 542 aut
247 501 298 544 reo
321 503 426 545 nocere
448 503 509 544 non
530 487 659 561 possent.

166 571 260 641 Quin
289 574 332 632 ab
358 574 423 633 hoc
450 575 683 652 ignotissimo
709 574 826 653 Fryge
852 572 1120 634 nobilissimum
1139 581 1154 642 5
1174 580 1217 629 4ο.

97 663 213 720 civem
236 663 442 722 vindicetis,

71 771 83 810 s
166 749 334 826 Utrumque
353 752 541 812 vehementer
563 755 594 812 et
614 752 653 810 ad
671 752 898 828 deprimendum
916 753 1121 812 adversarium

97 843 129 898 et
153 839 192 898 ad
215 840 416 899 extollendum
437 860 534 916 reum,
561 844 596 900 ut
617 843 737 900 tantum
758 843 791 900 in
813 842 868 900 illo
895 842 1053 900 obscurata
1081 843 1121 900 sit

97 931 248 1004 quantum
269 930 302 987 in
325 930 381 989 hoc
401 931 564 990 inlustrata
586 947 721 1006 persona

166 1016 312 1077 Homini
349 1019 441 1077 enim
472 1020 598 1098 Frygi,
635 1021 696 1096 qui
733 1019 894 1078 arborem
930 1025 1215 1096 numquam§41.

97 1106 270 1180 vidisset,
293 1108 463 1166 fiscinam
485 1109 639 1168 ficorum
662 1108 841 1167 obiecisti.

58 1216 83 1254 io
169 1196 313 1257 ...valde
333 1197 456 1256 Summa
464 1216 532 1257 cum
542 1198 708 1256 festivitate
717 1197 858 1257 discussit
870 1198 1003 1258 inridens
1014 1200 1121 1258 veneni

98 1285 351 1359 criminationem,
375 1285 454 1362 quod
471 1286 520 1345 hic
539 1287 690 1345 videretur
708 1305 784 1346 unus
803 1287 840 1345 de
860 1304 982 1347 numero
1002 1306 1120 1347 accusa·

96 1376 201 1432 torum
213 1373 315 1432 Flacci
333 1377 489 1450 repentina
507 1378 602 1435 morte
619 1375 784 1434 defimctus.
819 1420 824 1432 .
840 1421 846 1434 .
862 1421 869 1433 .
883 1376 1062 1451 interposita
1076 1379 1121 1436 est

99 1462 258 1522 aviditatis
273 1466 303 1522 et
315 1464 564 1539 intemperantiae
579 1463 701 1524 barbari
713 1464 851 1538 hominis,
871 1484 959 1540 quem
972 1483 1062 1540 poma
1074 1466 1120 1523 in-

98 1551 1121 1632 usitatadistenderintMotemusigiturquasdamcriminationesnon

60 1659 84 1698 is
97 1642 232 1718 pugnaci
244 1643 512 1718 argumentatione,
525 1642 577 1702 sed
586 1645 678 1702 etiam
688 1643 798 1702 festiva
805 1642 976 1702 urbanitate
987 1643 1119 1704 dissolvi.

167 1729 298 1789 Flacco
321 1749 404 1815 v'ero
427 1731 513 1806 quid
536 1729 697 1807 profuit?
729 1733 786 1807 qui
809 1732 929 1790 valuit
950 1735 1023 1792 tam
1046 1732 1120 1807 diu,

98 1819 182 1876 dum
203 1818 271 1877 huc
293 1819 470 1894 prodiret,
492 1824 653 1879 mortuus
675 1821 729 1879 est
751 1820 874 1880 aculeo
898 1822 968 1879 iam
991 1823 1121 1880 emisso

99 1926 139 1966 ac
163 1907 263 1967 dicto
285 1909 506 1968 testimonio.

167 1995 247 2055 Leve
269 1998 390 2072 putavit
412 1999 512 2057 orator
542 1998 788 2076 diligentissimus
815 1998 893 2057 hanc
922 1999 1121 2075 suspicionem

50 2103 85 2144 eo
98 2085 238 2144 veneficii
260 2085 324 2144 sola
342 2086 513 2145 urbanitate
531 2087 694 2162 dissutam
717 2087 862 2146 conclusit
881 2088 973 2146 etiam
990 2087 1121 2148 breviter

97 2176 359 2252 argumentatione
390 2175 576 2236 validissima
606 2176 723 2234 nullum
749 2175 856 2236 Flacco
889 2177 1121 2236 emolumentum

97 2265 193 2323 fuisse
210 2265 244 2321 in
263 2265 325 2322 eius
343 2265 478 2338 interitu,
501 2266 554 2341 qui
571 2266 633 2324 iam
653 2266 858 2324 testimonium
876 2265 992 2324 dixerat
1011 2269 1041 2324 et
1058 2267 1121 2325 vim

98 2353 320 2411 criminationis
330 2352 471 2412 ediderat.
484 2353 583 2413 Unam
592 2357 693 2412 autem
703 2353 856 2413 occidendi
864 2355 955 2414 fuisse
963 2356 1120 2430 rationem,

98 2445 263 2517 antequam
282 2433 487 2502 testimonium
509 2442 629 2517 diceret,
652 2442 732 2502 dicto
751 2445 852 2501 autem
869 2445 932 2501 iam
949 2445 1120 2504 testimonio

57 2548 84 2588 as
98 2531 196 2608 magis
221 2531 354 2605 potuisse
373 2531 484 2590 crimen
508 2533 611 2609 augeri
630 2551 721 2607 quam
738 2532 904 2608 periculum
923 2532 1075 2592 declinari.

167 2620 330 2694 Totoque
351 2619 606 2681 Mithridatico
630 2621 787 2680 crimine.

166 2708 330 2784 Eleganter
357 2711 388 2767 et
414 2710 543 2768 oratorio
578 2710 743 2770 stomacho:
774 2710 975 2768 Mithridatico
1002 2711 1121 2768 misniae

98 2799 188 2873 quasi
205 2796 412 2856 Mithridatico
430 2797 517 2857 bello.
554 2797 589 2856 Id
610 2801 711 2856 autem
729 2798 842 2857 crimen
860 2797 1017 2876 significat,
1040 2799 1120 2874 quod

98 2885 291 2945 Mithridates
313 2886 366 2944 ille
387 2885 588 2964 Pergamenus
610 2887 788 2946 intenderat.

58 2991 85 3032 oo
167 2975 213 3033 at
244 2976 307 3049 qui
333 2976 388 3033 ita
414 2977 463 3034 sit
490 2975 718 3050 ambitiosus,
749 2979 788 3034 ut
816 2977 928 3036 omnis
956 2995 1018 3036 vos
1041 2995 1120 3038 nos·
1139 2979 1155 3040 i
1174 2979 1216 3027 42.

98 3058 209 3142 (que)
234 3063 369 3122 cotidie
391 3065 602 3141 persalutet.

168 3202 184 3250 8
196 3197 322 3266 forfice
377 3204 394 3252 4
407 3197 557 3252 vindicetis
566 3200 642 3254 codd.
650 3199 704 3254 Oic.
716 3197 879 3253 condonetis
891 3199 915 3253 O
966 3205 982 3253 8
993 3200 1120 3256 arborem

101 3266 291 3324 OVatborem
304 3267 352 3322 fici
365 3269 423 3324 rcii.
433 3271 508 3324 codd.
517 3271 571 3326 Oic.
627 3269 773 3324 9uidisset
782 3270 858 3324 codd.
866 3271 921 3326 Oic.
931 3269 1038 3326 uidisse
1049 3273 1073 3328 0

99 3338 232 3394 obiecisti
241 3339 381 3395 codd0ic.
392 3340 528 3395 obiecisse
539 3343 563 3397 O
615 3346 649 3394 10
664 3343 738 3396 idc3
751 3359 841 3396 cra=
851 3345 869 3396 7
879 3343 929 3397 litt.
941 3343 1072 3398 ἀετείωεῖ

100 3417 133 3464 12
149 3412 691 3480 loc.2†3cm.=12iitt.b1ordnuic1c?
747 3417 780 3470 14
793 3429 851 3466 non
861 3411 995 3487 (solum)
1006 3415 1073 3469 Mai

100 3487 133 3535 15
153 3481 628 3557 aasuaeuro‘slosesperoa
689 3487 722 3538 16
742 3483 929 3556 PROlqulT
988 3490 1022 3537 24
1042 3487 1120 3539 ante-

100 3568 186 3622 quam
204 3569 249 3608 mo
268 3554 297 3606 et
316 3569 400 3621 quarn
421 3554 444 3608 0
513 3559 547 3607 30
568 3557 597 3608 et
618 3553 681 3610 Omo
700 3555 776 3610 codd.
792 3555 846 3610 Oic.
866 3572 935 3611 corr.
950 3557 1050 3611 Baiter

101 3629 133 3679 31
155 3623 254 3698 (que)
274 3625 350 3680 codd.
368 3625 421 3680 Oic.
476 3627 633 3695 persalutet
651 3627 726 3681 codd.
739 3627 794 3681 Oic.
812 3626 983 3694 persalutem
1004 3627 1028 3680 0
