2554 3978
158 205 201 269 48
319 249 321 256 .
549 203 620 259 PRO
644 202 782 260 FLACCO

220 373 462 433 Ambitiosum
485 373 559 432 dicit
582 373 707 433 demisse
730 376 761 432 et
784 371 917 432 officiosa
937 369 1069 448 quadam
1086 388 1179 429 vene-

152 465 269 522 ratione
283 462 520 537 blandissimum,
539 463 617 521 unde
631 463 806 540 intellegere
821 462 917 538 possis
931 460 1085 536 inproprie
1103 477 1178 517 am-

44 601 47 606 .
152 551 306 612 bitiosos
321 551 358 611 de
372 551 585 630 adrogantibus
600 552 673 627 dici,
692 550 816 610 ambitio
832 553 877 610 est
894 551 975 608 enim
993 549 1106 608 favoris
1122 548 1178 606 ali-

154 643 237 700 cuius
248 641 372 716 supplex
387 643 417 699 et
427 659 494 700 cum
502 642 651 699 lenocinio
665 641 846 699 humilitatis
861 639 1023 698 adfectatio
1033 639 1176 715 gratiosa.

220 730 458 805 Turpissimis
481 730 640 789 iudiciis.
1208 745 1220 784 e

219 819 362 892 FamosiS,
385 822 420 878 ut
442 837 530 895 saepe
553 821 615 877 iam
638 819 752 878 dictum
774 820 826 878 est.

56 915 131 975 543.
218 908 263 966 Et
286 909 378 967 furti
401 911 436 967 et
458 928 521 984 pro
545 909 642 967 socio
666 908 855 966 damnatus
879 908 940 966 est.

218 996 277 1055 Per
308 1015 425 1056 omnem
455 997 611 1056 decursum
642 997 737 1072 partis
760 996 848 1056 huius
876 994 1004 1053 destruit
1030 1011 1175 1068 personas

151 1087 274 1145 testium
306 1087 504 1164 singulorum,
546 1103 604 1162 quo
634 1087 732 1144 minus
755 1085 808 1164 ¹his
845 1082 1024 1142 credendum
1059 1081 1175 1140 iudices

151 1174 342 1248 arbitrentur,
366 1175 473 1251 quibus
496 1175 581 1233 nulla
599 1176 680 1234 vitae
697 1174 837 1232 honestas
860 1173 1074 1248 patrocinetur.
1114 1170 1174 1230 Pr0
1192 1191 1220 1230 ro

150 1265 231 1323 socio
254 1266 354 1322 autem
381 1264 574 1337 damnantur,
602 1265 655 1339 qui
682 1265 756 1338 aput
783 1262 931 1320 arbitrum
955 1259 1119 1320 infideliter
1142 1261 1174 1318 in

151 1355 293 1413 societate
317 1355 441 1431 gessisse
465 1354 688 1413 convincuntur.

216 1443 304 1501 Nam
345 1440 521 1518 Lysaniae
568 1441 719 1518 adeptus
765 1443 819 1499 est
864 1439 1025 1499 ordinem
1070 1457 1173 1498 sena-

149 1532 295 1604 torium,
332 1531 392 1590 sed
429 1550 506 1590 cum
540 1550 613 1589 rem
644 1550 672 1606 p.
702 1531 852 1588 nimium
888 1529 1174 1604 amplecteretur

149 1620 339 1694 peculatus
363 1620 552 1679 damnatus
576 1622 637 1679 est.
1190 1635 1218 1676 1⁵

215 1708 357 1786 Eleganti
397 1709 487 1768 verbo
528 1726 598 1768 usus
640 1710 697 1767 est:
739 1706 968 1793 amplecteretur,
1008 1708 1055 1765 est
1091 1706 1172 1762 enim

150 1796 282 1871 dubium,
305 1816 375 1856 nam
398 1800 428 1856 et
451 1799 503 1874 qui
526 1797 640 1875 diligit,
664 1798 856 1872 amplectitur
878 1797 908 1854 et
931 1796 983 1872 qui
1006 1795 1118 1870 spoliat
1143 1797 1173 1852 et

149 1886 303 1962 intercipit
326 1887 441 1963 aliquid
464 1905 499 1944 ex
523 1887 646 1945 aerario.

52 1980 128 2040 544.
216 1973 396 2042 Quattuor
417 1977 601 2035 mensaris.

215 2063 308 2122 Actus
332 2066 364 2121 in
385 2063 473 2123 (laria
495 2065 670 2140 plerumque
688 2063 808 2124 videtur
830 2081 884 2138 per
900 2063 955 2121 has
977 2079 1121 2136 personas
1141 2064 1172 2119 ct
1187 2081 1215 2118 eo

149 2153 248 2211 officia
266 2153 428 2212 decurrere.
462 2152 520 2212 Sed
538 2155 700 2213 mensarios
719 2153 803 2226 dicit,
822 2169 894 2228 quos
913 2151 961 2208 illi
978 2145 1171 2224 τραπεζίτας

147 2244 263 2302 vocant.

214 2329 264 2389 ΕΚ
287 2332 390 2390 tanto
413 2349 557 2390 numero
581 2330 755 2390 deductus
779 2332 833 2389 est
855 2346 962 2388 nemo.

210 2413 289 2478 Ἀπὸ
308 2417 375 2480 τῶν
394 2413 547 2480 ἀπόντων
566 2415 781 2494 ευλλογιεμόε.
813 2417 858 2477 Er
876 2420 914 2478 iis
931 2419 1169 2495 argumentatur,

148 2527 224 2583 quae
247 2509 354 2567 desunt
377 2509 597 2569 accusatoribus
625 2509 663 2567 ad
690 2508 897 2585 probationem
925 2509 955 2565 et
982 2525 1058 2583 quae
1087 2508 1170 2566 omni
1184 2524 1213 2565 aa

148 2597 235 2656 modo
259 2600 394 2657 constare
418 2596 566 2672 deberent,
589 2599 616 2656 si
639 2597 711 2673 quid
734 2617 802 2657 vere
826 2598 1063 2655 criminarentur.

53 2691 129 2751 §4t.
218 2685 325 2756 Quem
347 2686 548 2745 iudicatum
571 2686 674 2745 duxit
696 2685 919 2761 Hermippus

213 2775 343 2836 Persona
370 2777 499 2835 hominis
527 2775 697 2849 defloratur,
728 2795 765 2834 ne
797 2794 888 2851 quam
915 2775 1010 2850 possit
1037 2774 1168 2832 auctori·

147 2867 241 2924 tatem
271 2867 356 2925 testis
385 2867 437 2924 aut
464 2866 640 2943 religionem
670 2864 729 2924 sibi
757 2863 922 2937 vindicare,
955 2863 1038 2921 cuius
1070 2861 1169 2937 pudor

146 2955 233 3013 tanta
254 2955 421 3033 ignominia
442 2953 618 3032 profligatus
641 2954 693 3013 sit:
720 2952 848 3011 iudicati
870 2953 950 3010 enim
972 2950 1167 3010 ducebantrr.
1182 2969 1211 3008 so

213 3043 389 3119 Ultroque
412 3044 459 3102 iis
483 3047 636 3103 sumtum
657 3044 796 3102 intulit.

213 3131 248 3189 Id
271 3135 329 3192 est:
352 3133 444 3190 etiam
467 3134 669 3210 erogationem
692 3133 806 3192 sumtus
829 3131 990 3206 inputavit.

145 3244 359 3254 .-..--.---

214 3303 278 3354 let
290 3318 341 3369 pro
355 3299 468 3354 turtio
539 3307 570 3354 12
590 3301 742 3355 uincuntur
756 3301 913 3367 Omaocrr.
930 3299 997 3354 Mai
1069 3304 1102 3352 15
1121 3301 1168 3352 est

147 3373 200 3428 0V
216 3373 245 3426 et
262 3374 319 3427 rell.
334 3373 410 3427 codd.
423 3373 477 3427 (lic.
547 3378 579 3426 17
599 3389 654 3441 quo
672 3371 807 3441 diligito
873 3376 905 3426 19
924 3369 1072 3424 mensariis
1085 3371 1166 3425 codd.

147 3445 202 3499 cte.
264 3449 297 3496 21
317 3441 884 3515 Tponezett...lac.1cm.=3lirc.
957 3441 1166 3496 aahoetmco

146 3515 222 3569 codd.
235 3515 288 3568 Oto.
362 3519 396 3566 24
416 3513 493 3584 ΟΥΛΙ
508 3555 514 3569 .
527 3557 549 3567 ..
566 3515 640 3568 ΜΟΕ
659 3515 709 3568 lac.
719 3514 771 3585 2¹s,
783 3530 832 3569 cm.
842 3540 876 3560 =
891 3517 908 3568 5
921 3513 973 3568 litt.
1015 3529 1166 3582 argumen-

147 3585 287 3639 tanturO
357 3590 390 3638 27
410 3583 456 3638 hic
475 3585 556 3638 duxit
573 3585 650 3640 codd.
667 3585 721 3640 Cic.
795 3589 829 3638 28
847 3584 1041 3653 personam&
