2554 3978
168 181 233 245 122
557 180 598 235 ΙΝ
614 180 801 236 VATINIVM

164 349 306 426 probasse
333 349 497 426 videretur,
525 351 656 411 occurrit
682 370 698 410 e
726 351 843 412 diverso
867 351 984 411 Tullius
1012 368 1073 410 non
1102 368 1192 427 opor·

164 440 258 499 tuisse
291 440 383 500 etiam
414 441 468 500 illo
501 441 633 501 convivii
664 442 797 517 tempore
831 459 849 500 a
881 443 1049 500 ceterorum
1079 439 1192 499 habitu

74 534 86 566 ·’
165 527 338 603 dissentire,
365 547 403 588 ne
426 531 527 589 coetus
550 529 739 605 epulantium
760 531 850 590 unius
868 532 951 591 veste
974 528 1097 608 lugubri
1121 546 1193 589 con·

163 619 371 678 taminaretur.

64 713 145 776 §aa
230 706 491 767 Postulatusne
515 706 564 766 sis
587 707 667 785 lege
690 707 836 767 Licinia
857 702 915 786 <et
937 701 1072 785 Iunia).
1216 727 1226 766 e

233 793 363 855 Orimine
395 795 431 854 de
459 795 610 856 sodaliciis
633 796 775 856 Vatinius
803 799 942 874 coeperat
968 797 1118 871 accusari,
1150 795 1191 854 de

164 902 223 961 quo
246 884 397 961 puniendo
420 885 459 944 iis
482 884 598 962 legibus
622 885 791 946 cavebatur.

231 972 490 1051 Appellarisne
512 973 679 1034 tribunos
697 975 753 1052 pl,
770 969 855 1054 (ne)
874 991 1019 1034 causam
1036 973 1190 1033 diceres.

231 1061 451 1141 Argumentum
483 1064 682 1123 conscientiae
713 1065 843 1138 invenit,
956 1081 1048 1140 quam
1073 1063 1191 1122 iudicio

163 1150 291 1227 probare
313 1152 391 1210 nihil
414 1151 451 1210 ab
470 1169 502 1211 se
521 1154 624 1211 contra
642 1152 723 1230 leger
743 1171 806 1213 esse
824 1154 1024 1212 commissum.
1048 1151 1192 1230 Vigilan·
1204 1170 1228 1212 ro

163 1241 280 1300 tissime
302 1243 458 1316 praeterea
479 1258 540 1301 non
563 1241 724 1319 collegium
750 1241 951 1316 tribunorum,
979 1241 1032 1301 sed
1053 1243 1191 1300 tantum-

164 1329 252 1389 modo
266 1328 298 1387 P.
312 1327 449 1390 Clodium
466 1330 541 1389 dicit
559 1329 597 1389 ab
616 1331 861 1406 coappellatum,
880 1332 1024 1406 quoniam
1037 1329 1192 1389 diffideret

164 1419 281 1477 scilicet
312 1418 424 1479 auxilio
456 1420 623 1478 ceterorum
650 1422 681 1478 et
707 1421 740 1478 in
767 1437 826 1480 uno
854 1437 938 1496 spem
964 1419 1101 1495 haberet,
1136 1422 1192 1496 qni

165 1508 258 1566 etiam
280 1508 423 1568 confessis
447 1508 622 1568 criminibus
646 1508 791 1585 opitulari
814 1509 930 1568 soleret.

64 1602 144 1665 584.
187 1607 189 1612 ’
231 1596 321 1656 Num
357 1597 437 1674 quis
474 1614 556 1656 reus
592 1598 630 1656 in
664 1597 830 1656 tribunal
866 1598 934 1656 sui·
959 1587 1188 1672 quaesitoris
1203 1615 1228 1657 rs

165 1685 370 1745 escenderit
390 1679 583 1764 (eumque)
606 1687 642 1746 vi
665 1685 887 1761 deturbarit,
911 1685 1088 1746 subsellia
1114 1685 1190 1745 dis-

165 1775 322 1849 suparit,
345 1792 452 1833 urnas
475 1774 661 1833 deiecerit.
1263 1766 1264 1775 ’

231 1861 314 1922 Haec
345 1863 427 1922 facta
459 1866 541 1938 sunt,
574 1881 642 1922 cum
673 1882 741 1923 reus
772 1866 850 1924 esset
877 1863 913 1922 de
940 1865 973 1924 vi
994 1863 1027 1922 P.
1042 1863 1189 1923 Vatinius

164 1954 323 2011 accusante
357 1950 387 2012 O.
415 1951 540 2013 Licinio.
595 1953 675 2012 Nam
711 1971 779 2012 cum
814 1955 936 2029 praetor
969 1951 999 2013 0.
1027 1951 1190 2012 Memmius

164 2042 365 2117 quaesitorem
387 2043 494 2102 sortito
517 2043 615 2100 facere
633 2042 725 2103 vellet
747 2043 778 2101 et
791 2041 933 2102 Vatinius
951 2041 1130 2118 postularet
1153 2044 1228 2100 utro

163 2131 229 2206 ipse
260 2124 334 2208 <et>
365 2132 521 2190 accusator
552 2147 623 2189 suus
662 2133 783 2190 mutuas
818 2133 994 2192 reiectiones
1027 2130 1063 2190 de
1094 2149 1190 2207 quae·
1270 2199 1271 2204 γ

163 2218 307 2278 sitoribus
340 2220 473 2278 facerent
500 2250 543 2262 —
571 2221 666 2297 ipsius
700 2221 810 2280 etenim
831 2219 951 2279 Vatinii
982 2220 1062 2299 lege,
1093 2238 1191 2296 quam

164 2307 277 2367 tulerat
312 2309 345 2366 in
377 2308 546 2384 tribunatu,
582 2327 643 2369 non
675 2310 748 2368 satis
781 2311 885 2384 aperte
916 2328 1012 2385 neque
1044 2309 1189 2369 distincte

165 2396 339 2472 apparebat,
362 2399 464 2456 utrum
487 2400 567 2458 sorte
590 2399 743 2474 quaesitor
765 2401 844 2458 esset
862 2398 1036 2477 deligendus
1056 2415 1096 2456 an
1113 2414 1189 2458 vero
1269 2463 1270 2474 ,

163 2487 270 2544 mutua
288 2487 368 2544 inter
385 2486 572 2546 adversarios
591 2487 729 2546 facienda
746 2488 869 2546 reiectio
881 2488 1098 2563 -conspirati
1118 2489 1186 2564 qui-
1201 2505 1226 2546 rs
1267 2487 1270 2566 J

164 2573 235 2634 dam
265 2592 321 2650 pro
348 2576 414 2650 ipso
437 2575 561 2636 Vatinio
589 2576 708 2635 inmissi
733 2575 867 2635 tribunal
894 2576 1130 2637 conscenderunt
1158 2580 1191 2636 et
1267 2609 1268 2614 κ

165 2664 273 2738 sortes,
305 2682 381 2740 quae
412 2665 493 2722 intra
522 2682 630 2723 urnam
662 2664 903 2741 continebantur,
936 2665 1105 2744 dispergere
1135 2665 1188 2724 ad·
1268 2731 1269 2736 ἵ

165 2753 261 2830 gressi
288 2755 365 2812 sunt.
410 2751 511 2829 Atque
538 2754 583 2811 ita
606 2753 744 2813 effectum
767 2757 812 2813 est
835 2755 966 2832 gratiose
988 2772 1042 2830 per
1064 2754 1097 2813 P.
1119 2754 1188 2814 (llo
1268 2757 1269 2774 ¹

165 2841 264 2914 dium,
300 2843 335 2900 ut
371 2843 472 2902 omnia
508 2842 671 2902 secundum
706 2843 893 2903 voluntatem
930 2861 1015 2903 suam
1041 2843 1187 2904 Vatinius

165 2930 321 2990 obtineret.
1201 2950 1226 2991 so

233 3134 476 3204 tepulantiusO
542 3135 701 3191 betIunia
719 3137 795 3192 codd.
808 3137 863 3193 oie.
937 3137 1148 3195 8tribunus0
1267 3155 1268 3196 i

165 3205 252 3289 (¹¹⁰).
266 3223 311 3262 mc
431 3211 446 3260 9
476 3208 525 3262 loc.
544 3209 669 3290 rignida
682 3224 711 3274 o,
738 3209 827 3278 suppl.
847 3209 937 3264 Halm
959 3207 1049 3281 (quia
1071 3207 1187 3282 noluit>

164 3277 271 3330 rudrcro
289 3294 318 3330 m
340 3291 397 3357 qua
419 3278 471 3346 (cel
493 3281 559 3349 quo)
582 3279 696 3361 rudrcro.
710 3279 753 3350 Zp
842 3283 876 3362 lq
898 3279 1036 3362 probaret
1054 3280 1098 3352 Zp

167 3352 201 3470 iz
221 3345 474 3488 Zffiiqsuispocodd.
486 3354 540 3473 (itha.
554 3350 710 3475 qmtlbgha
725 3350 1052 3494 gmesgoingetgmlifffflt
1069 3353 1153 3494 'open

167 3484 396 3550 quaestoris·
474 3493 507 3541 22
527 3489 634 3545 faceret
651 3507 694 3546 mo
774 3495 809 3545 23
827 3493 987 3562 aperuero
1055 3492 1187 3549 “ctae

168 3556 193 3611 (l
262 3560 297 3611 ab
314 3554 466 3610 reiectione
484 3558 526 3628 Zp
598 3566 632 3616 28
651 3561 726 3629 ooll-
