2554 3978
151 181 195 246 42
543 181 615 238 PRO
639 181 777 238 FLACCO

148 350 386 429 indignationem
426 351 595 426 verberum,
632 352 739 428 quibus
776 353 875 411 fuerat
919 353 1100 428 castigatus,
1142 355 1173 412 et

148 441 298 499 iustitiam
334 439 434 500 Fleooi
469 441 632 516 praetoris,
674 443 726 516 qui
761 443 884 518 propter
914 440 1088 501 huiusmodi
1119 460 1172 502 au-

149 529 266 588 daoiam
311 531 526 589 existimaverit
562 529 753 606 puniendum.
830 530 878 590 Ita
919 533 1079 606 utrumque
1121 530 1173 590 fit:

148 619 184 676 ut
219 619 291 678 testi
327 620 489 678 auotoritas
531 618 691 678 defloretur
727 622 757 678 et
793 619 894 679 Flaeoi
932 621 1052 678 iustitia
1093 637 1172 679 oom-

148 706 255 782 probet
293 752 299 764 .
1200 728 1212 767 s

216 794 283 864 Qui
310 796 583 855 multitudinem
611 797 714 855 illam
741 815 809 856 non
842 799 1066 858 auctoritate
1095 815 1173 871 sue,
1267 868 1271 881 Ι

149 884 209 945 sed
232 886 359 962 sagina
380 885 535 944 tenebat.
645 898 647 902 ’
1266 894 1270 941 l

215 973 260 1032 De
283 973 457 1034 Mithridate
480 973 663 1053 Pergameno
685 976 832 1050 loquitur,
856 993 875 1033 a
897 993 956 1050 quo
979 975 1174 1034 vehementer
1265 964 1270 1037 i

149 1063 304 1122 adseverat
340 1064 431 1123 testes
463 1082 525 1123 esse
557 1065 720 1140 corruptos.
775 1063 816 1122 Et
847 1081 906 1139 quo
939 1065 1049 1142 megis'
1067 1082 1173 1124 eorum

60 1198 65 1210 .
123 1153 256 1211 levitas
293 1154 323 1210 et
358 1171 453 1229 paene
489 1152 665 1228 obsequium
701 1153 807 1213 servile
843 1152 1044 1231 detegeretur,
1081 1169 1173 1226 quam
1187 1173 1212 1212 ro

147 1240 374 1309 multitudinem,
406 1243 519 1317 inquit,
541 1258 601 1301 oon
628 1243 797 1302 auotoritole
823 1259 893 1311 saa,
920 1241 971 1300 sed
997 1243 1105 1316 sapora
1132 1247 1173 1302 te-

147 1330 246 1397 nebat,
274 1349 311 1388 ne
338 1329 412 1406 quid
433 1329 504 1389 fidei
525 1330 694 1390 hominibus
718 1331 810 1405 adsit,
838 1332 891 1407 qui
912 1332 1115 1407 parasitorum
1138 1333 1172 1389 in

147 1419 269 1478 modum
291 1419 340 1478 vel
366 1419 429 1478 solo
456 1421 572 1495 possint
594 1421 698 1481 ventre
721 1422 883 1496 eorrumpi,
911 1420 950 1478 ad
973 1421 1061 1498 gylae
1084 1421 1171 1479 blan-

148 1507 281 1566 dimenta
303 1508 433 1567 venales.

215 1594 313 1664 Quod
336 1616 371 1658 se
394 1597 488 1658 velle
511 1598 616 1671 dixit,
639 1597 676 1655 id
698 1600 838 1657 sutores
862 1600 897 1657 et
923 1599 1064 1657 zonarii
1087 1617 1170 1658 oon·
1185 1617 1212 1656 rs

149 1686 360 1744 clamarunt.
405 1686 479 1745 Hoo
502 1688 751 1746 testimonium
774 1689 828 1748 est
850 1684 1040 1748 civitatis?

37 1809 64 1832 ·.
309 1790 354 1834 ω(
393 1776 426 1832 in
463 1776 596 1834 clausula
633 1775 887 1852 pronuntiandum
924 1778 969 1835 est
1096 1776 1171 1852 quid

148 1864 189 1922 sit
219 1864 432 1923 testimonium.
482 1862 531 1921 Ad
558 1864 638 1940 quod
665 1863 876 1924 destruendum
984 1865 1022 1923 ab
1051 1867 1170 1924 oratore

147 1953 311 2030 praemissa
361 1955 406 2012 est
451 1952 574 2012 dicendo
629 1955 769 2013 sutores
820 1955 855 2012 et
899 1955 1082 2028 nonarius,
1135 1958 1171 2013 ut

147 2041 319 2119 vulgaribus
352 2044 383 2100 et
413 2041 541 2101 sordidis
574 2041 707 2101 artificiis
740 2044 884 2118 appareat
915 2043 1071 2103 humilitas
1103 2063 1170 2119 per·
1184 2062 1210 2102 sa

148 2149 287 2190 sonarum
309 2149 363 2190 neo
386 2131 482 2189 ullum
505 2148 598 2208 genus
620 2131 756 2207 publioae
780 2132 945 2192 maiestatis
968 2132 1113 2192 obtineat.

50 2223 128 2284 §la
215 2217 349 2287 Quibus
373 2219 454 2278 odio
478 2222 562 2279 sunt
583 2222 730 2278 nostrae
754 2237 904 2280 seoures.

215 2302 400 2382 Εἰρωνικῶε.
460 2308 570 2386 Magna
607 2326 674 2367 oum
710 2308 825 2368 invidia
862 2311 1059 2386 exaggeratas
1099 2312 1171 2368 sunt

59 2442 64 2454 ,
148 2415 263 2471 causae,
282 2397 390 2473 quibus
409 2398 513 2473 utique
526 2397 688 2456 verisimile
706 2399 747 2456 sit
765 2397 891 2458 Graecos
910 2399 1014 2458 eontra
1028 2398 1170 2460 Flaoeum

147 2486 276 2547 voluisse
307 2487 441 2560 mentiri,
474 2486 555 2562 quod
581 2481 642 2564 e<a
665 2481 803 2564 om>nia,
836 2505 912 2562 quae
942 2489 975 2545 in
1006 2489 1170 2562 provinciis
1184 2505 1211 2545 ss
1274 2487 1275 2494 ’

148 2577 351 2648 exerceantur,
392 2575 552 2634 habuerint
592 2593 708 2651 semper
748 2594 869 2635 onerose
906 2579 936 2635 et
972 2594 1008 2634 ea
1044 2579 1170 2654 movete
1274 2631 1275 2655 ,

147 2664 285 2738 tulerint,
316 2663 384 2724 odio
411 2665 473 2722 iem
500 2681 559 2723 non
581 2666 728 2740 praetoris
756 2667 857 2738 unius,
889 2665 940 2724 sed
962 2665 1091 2724 Romani
1113 2667 1170 2724 im-

214 2922 499 2978 3existimauerint0
551 2921 817 2995 dut<et>testin
854 2922 1002 2977 devoretur
1012 2923 1168 2988 Omocon.

150 2994 188 3048 Or
206 2994 357 3064 derogetur
371 2995 458 3049 Halm
532 2993 739 3050 101eeuitas0
805 2999 838 3047 1‘1
918 2996 938 3044 Ν
1012 2994 1063 3048 bic
1078 2995 1169 3048 altera

148 3065 667 3136 loo.1¹s„altera1³s,om.coatebtet
680 3091 714 3111 ε
733 3069 821 3120 3el4
838 3065 889 3122 litt.
909 3067 1046 3132 tveprdrcl
1116 3066 1168 3120 lna.
1272 3069 1273 3102 ³

148 3136 198 3206 6¹s,
223 3153 272 3191 ern.
293 3163 326 3182 =
350 3140 386 3191 13
409 3137 460 3191 litt.
483 3142 569 3191 τοῦτο
592 3139 626 3191 τὸ
649 3138 781 3205 ἐρώτημα
803 3138 893 3205 suppl.
912 3137 954 3260 Ζὲ
1053 3140 1087 3190 18
1116 3138 1167 3192 lae.

147 3207 198 3278 3¹s,
218 3224 268 3262 om.
288 3233 321 3252 =
341 3212 377 3262 10
401 3209 450 3262 litt.
475 3209 613 3275 ἀναεκευή
636 3210 725 3277 suppl.
745 3209 799 3279 Zg,
818 3209 886 3262 mihi
903 3209 931 3262 oi
951 3213 1031 3262 eatur
1053 3210 1169 3262 alamno

148 3279 252 3332 litterae
275 3295 329 3332 esse
352 3279 400 3332 OC
495 3283 527 3332 21
557 3278 672 3347 genium
696 3280 775 3345 Gneo,
798 3295 866 3335 corr.
886 3281 943 3334 Leo
961 3279 1109 3348 ingenium
1129 3279 1169 3334 Or

147 3349 337 3418 patrocinium
355 3348 389 3404 St
459 3353 493 3402 23
512 3349 595 3402 elem
678 3350 794 3422 lac.2¹l,
814 3367 863 3406 om.
879 3377 913 3396 =
933 3356 949 3405 5
969 3351 1033 3416 liu,
1050 3352 1168 3420 vestigio

147 3438 209 3475 cunr
232 3422 282 3475 litt.
306 3422 395 3489 suppl.
415 3420 587 3475 consentitur
681 3426 714 3474 25
738 3421 782 3477 ΕΔ
801 3463 807 3476 .
824 3464 829 3474 .
846 3424 866 3490 ,ΙΙ
892 3421 947 3477 Nih
970 3423 1020 3477 loo.
1043 3438 1092 3476 aa.
1116 3439 1167 3477 om.
1271 3421 1272 3478 l

149 3517 182 3536 =
203 3497 219 3544 1
238 3493 279 3545 vel
296 3492 386 3550 aiio,
406 3493 474 3556 luit,
492 3492 580 3559 suppl.
600 3509 626 3544 m
717 3497 750 3545 26
770 3507 903 3546 onerosae
924 3493 947 3547 0
1029 3495 1168 3561 menatae

150 3561 174 3614 Ο
243 3566 276 3615 2'1
295 3561 422 3615 tulerunt
442 3561 465 3615 0
