2584 3978
192 218 237 283 20
442 216 481 270 IN
504 215 666 274 CLODIUM
689 217 735 270 ΕΤ
760 215 957 271 CURIONEM.

190 387 362 463 asperitatis
396 387 426 444 et
458 385 648 459 facetiarum,
686 385 793 459 quibus
825 404 920 445 mores
953 387 1111 461 utriusque
1144 406 1212 462 pro-

190 474 301 535 scindit
328 477 358 533 et
386 473 421 532 de
450 474 637 551 singulorum
663 475 747 532 vitiis
776 493 866 549 quam
893 478 992 552 potest
1020 475 1212 534 acerbissime

189 564 331 640 loquitur.
379 561 438 621 Sed
465 563 545 620 enim
576 563 759 639 principium
789 563 878 622 huius
910 564 1038 623 offensae
1068 565 1168 622 ferun
1195 584 1212 624 a

189 651 222 710 P.
239 650 325 711 Clodi
347 653 433 710 reatu
456 650 648 712 descendisse.
685 651 764 710 Nam
782 653 864 711 visus
885 653 980 712 estin
1002 651 1092 711 domo
1111 655 1212 728 ponti-

189 742 253 800 ficis
286 741 410 798 maximi
443 738 473 798 C.
498 737 633 800 Caesaris
664 740 855 815 eiusdemque
882 741 1030 817 praetoris
1062 743 1212 801 incestum
1236 761 1245 800 s

190 831 295 888 fecisse
324 847 392 887 cum
419 829 482 887 eius
510 847 600 888 uxore
623 827 766 904 Pompeia
790 823 885 908 [curn]
914 848 948 888 eo
975 832 1124 906 tempore,
1153 849 1212 906 quo

190 937 244 994 per
259 917 394 976 Vestales
418 917 549 994 virgines
573 919 604 976 et
626 920 778 977 matronas
801 917 1026 978 honestissimas
1049 919 1083 976 in
1106 922 1212 995 operto

190 1007 292 1066 Bonae
320 1005 400 1064 Deae
428 1005 607 1064 sacrificium
634 1007 707 1066 viris
736 1005 872 1066 omnibus
900 1009 1085 1066 inaccessum
1112 1007 1211 1068 fiebat.
1280 1008 1281 1039 ³

190 1095 277 1154 Unde
305 1094 405 1153 elabso
433 1097 535 1152 tamen
559 1091 663 1153 Clodio
690 1113 801 1172 magna
827 1096 944 1154 invidia
972 1095 1161 1171 percrebruit
1183 1100 1211 1154 et

191 1184 318 1242 infamia
351 1184 615 1257 caerimoniarum,
647 1186 683 1242 ut
714 1186 834 1243 senatus
867 1184 1022 1243 decernere
1055 1188 1211 1263 cogeretur
1224 1205 1246 1244 ro

191 1274 274 1332 omni
297 1271 454 1348 diligentia
478 1272 633 1330 consulum
660 1272 935 1350 pervestigandum,
967 1275 994 1332 si
1024 1274 1106 1349 quod
1134 1277 1210 1333 esset

190 1360 319 1437 publicis
334 1360 530 1437 religionibus
544 1361 674 1421 inlatum
687 1361 845 1438 flagitium.
864 1361 1032 1421 Accedebat
1045 1363 1104 1421 huc
1118 1365 1210 1423 etiam

190 1449 409 1526 praeiudicium
442 1449 591 1523 quoddam
615 1447 645 1507 C.
671 1447 805 1508 Caesaris
838 1452 933 1526 ipsius
960 1450 1126 1526 pontificis,
1159 1453 1210 1527 qui

191 1557 315 1597 uxorem
339 1556 425 1597 suam
447 1538 518 1596 ilico
541 1537 719 1612 repudiavit.
756 1538 829 1598 Post
852 1539 932 1614 quod
953 1558 1021 1599 reus
1040 1540 1077 1598 de
1095 1541 1209 1600 incesto

191 1627 288 1686 factus
322 1628 368 1685 est
399 1625 431 1683 P.
456 1624 577 1685 Clodius
610 1628 768 1686 accusante
799 1627 832 1686 L.
860 1626 1002 1702 Lentulo,
1035 1628 1210 1688 defendente
1223 1647 1245 1690 ιε

192 1714 223 1773 C.
248 1713 377 1773 Curione
409 1717 502 1789 patre.
553 1714 633 1772 Nam
664 1716 724 1774 tres
757 1716 819 1775 illis
851 1716 1035 1792 temporibus
1065 1715 1209 1777 Curiones

191 1803 315 1862 inlustri
338 1804 457 1862 nomine
481 1804 645 1862 extiterunt
667 1805 757 1878 atque
779 1806 812 1861 in
834 1804 920 1864 libris
944 1805 1040 1865 adhuc
1058 1807 1209 1865 feruntur:

193 1889 282 1950 Curio
308 1909 395 1965 avus,
424 1893 476 1967 qui
500 1890 636 1950 Servium
659 1893 801 1950 Fulvium
827 1895 936 1953 incesti
960 1912 1045 1953 reum
1068 1894 1209 1970 defendit,

192 1983 222 2039 et
249 1981 298 2040 hic
326 1978 357 2039 C.
382 1977 472 2038 Curio
500 1983 599 2055 pater,
632 1983 686 2055 qui
713 1980 744 2038 P.
769 1979 873 2041 Clodio
903 1982 1012 2056 adfuit,
1044 1985 1075 2041 et
1101 1986 1209 2042 tertius

191 2069 244 2127 ille
264 2066 354 2127 Curio
373 2067 562 2142 tribunicius,
586 2071 638 2144 qui
656 2069 734 2128 bello
754 2071 837 2129 civili
855 2070 1036 2146 Pompeiano
1055 2073 1088 2130 in
1107 2072 1210 2132 Africa
1222 2093 1244 2131 eo

191 2158 295 2232 periit,
325 2175 393 2215 oum
423 2158 500 2216 esset
529 2158 662 2232 partium
695 2155 843 2232 Caesaris,
873 2178 1032 2235 oppressus
1066 2155 1140 2238 [est]
1174 2162 1210 2221 ab

193 2245 344 2320 equitibus
364 2245 455 2304 Iubae
473 2247 561 2323 regis.
594 2244 653 2304 Sed
670 2247 813 2306 hactenus
837 2247 873 2306 de
893 2245 1071 2308 Curionibus
1095 2249 1210 2310 dictum

192 2335 240 2392 sit.
278 2334 408 2394 Multum
426 2334 536 2409 diuque
555 2333 666 2394 habitis
686 2336 954 2396 concertationibus
977 2339 1046 2396 ante
1064 2338 1210 2398 iudicium

192 2421 225 2480 P.
251 2421 371 2481 Clodius
400 2442 418 2481 a
445 2422 619 2482 turbulenta
645 2424 851 2499 multitudine,
881 2445 918 2483 ne
946 2444 1067 2486 causam
1090 2427 1210 2502 diceret,

194 2528 253 2568 non
278 2513 342 2569 sine
364 2512 481 2585 impetu
503 2511 658 2570 seditionis
683 2513 803 2572 adiutus
827 2516 873 2572 est
895 2518 1015 2574 auctore
1033 2516 1123 2574 huius
1143 2536 1211 2576 con·
1224 2535 1245 2575 a

193 2600 368 2674 spirationis
392 2598 425 2667 Q.
449 2599 533 2658 Fufio
558 2597 667 2659 Caleno
695 2601 815 2661 tribuno
838 2602 893 2678 pl,
921 2605 1004 2662 cuius
1028 2606 1210 2664 mentionem

194 2687 403 2747 creberrimam
426 2688 543 2748 Tullius
570 2690 602 2746 in
626 2689 782 2765 Filippicis
811 2691 996 2750 orationibus
1023 2692 1105 2751 facit.
1153 2693 1211 2753 Ob·

193 2778 325 2836 stinante
347 2795 417 2835 vero
444 2795 539 2852 paene
562 2779 701 2838 universo
724 2782 830 2838 senatu
861 2799 919 2861 pro
939 2781 1139 2840 sanctimonia
1166 2802 1211 2841 re-

192 2866 340 2943 ligionum
373 2864 513 2924 adversus
546 2868 657 2925 crimen
689 2869 796 2927 incesti
822 2869 934 2927 iudices
962 2871 1064 2927 tamen
1097 2870 1137 2929 ad
1164 2890 1211 2930 ex-

262 3056 294 3104 19
304 3068 358 3120 sqq.
383 3051 483 3105 Ascou.
508 3057 609 3119 65,1a
642 3052 670 3107 C.
695 3052 799 3125 <Curio
826 3053 929 3126 peter>
958 3053 1085 3108 Curionis
1114 3057 1211 3111 adule-

194 3121 297 3175 scentis
316 3123 385 3186 eius,
405 3121 454 3189 qui
472 3122 546 3176 bello
567 3123 644 3177 civili
663 3123 789 3178 Caesaris
807 3123 863 3178 fuit
881 3126 1012 3194 partium.

261 3197 294 3244 27
322 3191 585 3263 PhilVIIIllsqq.
605 3194 724 3264 X3sqq.
744 3194 838 3249 xire.
857 3195 947 3250 xssr.
1048 3219 1052 3226 ·

260 3372 277 3419 4
309 3368 374 3420 ratu
394 3368 417 3423 0
441 3367 551 3423 incestu
569 3387 596 3424 m
618 3370 693 3425 iratu
711 3389 740 3438 o,
762 3388 831 3428 corr.
853 3373 891 3428 Or
971 3379 987 3428 6
1019 3390 1088 3429 corr.
1112 3393 1141 3429 m

195 3442 226 3491 11
248 3437 382 3493 omniaO
450 3439 993 3523 21<nam>cummcum<enim>oa
1037 3445 1213 3570 pqui>oum

196 3509 301 3562 Maillcr
337 3511 380 3562 est
399 3509 547 3565 dclBerer
619 3513 836 3583 22dqullTlB·
911 3521 944 3569 27
965 3515 1035 3572 OBS
1064 3517 1212 3590 ΙΝΕ“ΙΤΕ

195 3578 326 3632 obstante
343 3595 400 3646 mo,
419 3596 486 3637 corr.
501 3582 535 3636 St
605 3588 638 3637 28
657 3599 730 3652 pene
749 3584 773 3639 C
